3142 4922
801 451 819 514 5

409 618 504 672 uotiua
521 622 616 686 pateat
632 616 715 672 ueluti
735 617 872 686 descripta
888 617 992 673 tabella

409 709 467 764 uita
485 709 566 777 senis,

236 839 370 916 eodem,
401 838 545 919 inquam,
576 839 680 904 animo
703 857 784 918 cum,
795 837 937 906 Catullus
958 857 1065 904 omnes
1086 841 1174 905 uitae
1196 857 1286 906 casus
1310 858 1378 905 car-

243 948 379 1013 minibus
396 950 547 1028 crederet,
573 966 647 1013 num
661 949 810 1016 credibile
833 956 881 1015 est
904 967 973 1016 eum
991 956 1081 1015 tanto
1098 967 1204 1016 amore
1225 955 1377 1032 quantum
1448 1003 1453 1014 .

242 1077 266 1126 c.
291 1057 423 1123 LXVIII
461 1075 538 1140 prae
560 1076 594 1124 se
617 1057 679 1124 lert
701 1059 865 1126 adamasse
886 1060 1023 1144 puellam
1048 1061 1263 1142 nescioquam,
1288 1061 1376 1126 onius

241 1186 323 1234 nunc
339 1167 464 1249 quidem
481 1168 598 1233 nnllam
621 1168 653 1234 in
668 1169 753 1234 illius
768 1172 921 1252 poematis
942 1171 1265 1237 commemorationem
1288 1172 1375 1236 iuue·
1473 1164 1478 1174 '

242 1280 390 1345 ciamus?
413 1278 491 1343 nihil
514 1280 596 1344 enim
611 1281 776 1363 proferunt
797 1282 852 1363 qui
874 1280 988 1346 librum
1003 1278 1215 1345 catullianum
1231 1298 1374 1347 mancum

241 1395 337 1473 atque
366 1390 547 1456 lacunosum
576 1391 628 1455 ad·
644 1409 700 1455 nos
729 1392 911 1473 peruenisse
940 1390 1147 1470 contendunt,
1179 1392 1297 1474 qnippe
1321 1393 1376 1473 qui

240 1503 332 1568 nnius
353 1500 405 1567 uel
428 1501 560 1566 duorum
583 1500 729 1566 loliorum
751 1502 783 1567 in
806 1501 976 1584 archetypo
999 1499 1174 1567 Ueronensi
1198 1502 1308 1567 lecerit
1330 1503 1376 1567 ia-

241 1619 371 1680 cturam.
416 1629 518 1693 neque
545 1612 646 1692 magis
674 1611 757 1694 apud
788 1629 837 1677 me
867 1610 954 1676 ualet
982 1629 1090 1676 eorum
1119 1614 1278 1678 sententia
1307 1615 1371 1694 qui,

240 1724 316 1805 qnia
336 1722 469 1788 Ouidius
491 1720 586 1804 [trist.
604 1718 635 1784 11
650 1726 711 1787 429
720 1721 780 1804 sq]
802 1721 882 1785 dixit
904 1725 969 1786 ‘neo
987 1727 1152 1787 contentus
1175 1741 1212 1788 ea
1232 1723 1375 1806 (Lesbia)

242 1833 355 1898 multos
378 1832 522 1913 uulgauit
544 1849 681 1914 amores,
705 1831 738 1897 in
761 1831 873 1913 quibus
896 1831 964 1913 ipse
985 1850 1075 1896 suum
1099 1832 1201 1898 lassus
1224 1834 1375 1900 adulteri-

240 1943 347 2023 umst',
378 1942 495 2007 idcirco
527 1941 579 2006 uel
610 1941 770 2024 complura
805 1941 943 2006 carmina
973 1943 1126 2008 amatoria
1156 1944 1287 2024 periisse
1323 1944 1376 2010 uel

240 2071 265 2118 c.
282 2051 430 2117 LXVIIIl
455 2052 494 2116 ad
513 2051 607 2116 aliam
622 2053 781 2133 quandam
795 2050 958 2117 mulierem
973 2051 1173 2117 referendum
1186 2071 1255 2121 esse
1273 2056 1372 2121 aiunt.

239 2163 372 2228 Ouidius
398 2162 480 2228 enim
501 2180 558 2244 pro
581 2162 640 2227 loci
656 2165 841 2243 argumento
864 2167 929 2226 tres
945 2166 1135 2243 quattuorue
1150 2162 1266 2229 Catulli
1287 2182 1372 2230 amo·

237 2291 289 2338 res
311 2272 418 2337 dicere
439 2273 544 2354 potuit
567 2272 710 2337 ‘multos'.
755 2272 869 2337 scimus
899 2277 1005 2337 autem
1037 2291 1075 2337 ex
1105 2273 1173 2355 ipso
1195 2272 1312 2340 Catulli
1335 2275 1373 2340 li·

238 2384 304 2463 bro,
328 2401 399 2448 eum
422 2387 454 2447 et
477 2380 644 2463 Ipsitillam
668 2390 699 2447 et
721 2380 896 2448 Aufilenam
919 2386 952 2447 et
975 2385 1143 2448 Ameanam
1165 2401 1222 2466 per
1245 2385 1372 2469 aliquod

238 2500 361 2575 tempus
384 2493 415 2557 in
437 2492 558 2558 deliciis
580 2491 741 2558 habuisse:
768 2491 824 2556 sed
847 2497 937 2557 erant
960 2508 1017 2557 eae
1040 2494 1258 2560 meretriculae
1278 2496 1372 2562 leuis·

238 2605 345 2682 simae‚
367 2603 422 2668 sed
445 2603 542 2668 solam
564 2603 724 2668 libidinem
740 2602 884 2683 explendi
902 2618 996 2666 cansa
1018 2619 1084 2667 rem
1107 2620 1176 2668 cum
1198 2605 1243 2670 eis
1263 2605 1374 2671 habult

239 2721 334 2797 poeta
357 2713 417 2796 (ita
447 2713 530 2777 enim
554 2712 764 2792 intellegenda
793 2717 841 2776 est
872 2729 933 2776 uox
963 2710 1120 2776 Ouidiana
1145 2713 1372 2798 ‘adulterium';

238 2823 276 2892 cl.
299 2824 376 2890 Hor.
400 2823 449 2888 od.
473 2823 489 2886 Ι
509 2826 559 2904 33,
584 2828 620 2906 93
645 2826 752 2902 36,19
777 2821 861 2904 alia).
907 2823 970 2887 iam
993 2822 1068 2886 mihi
1091 2824 1178 2905 legas
1199 2843 1309 2891 uersus
1331 2828 1371 2892 ad

237 2933 443 3001 mulierculas
460 2935 537 2999 istas
554 2935 661 2999 datos:
685 2932 856 3016 perspicies
878 2932 1020 3014 prolecto
1042 2951 1135 3015 quam
1151 2934 1245 3016 plane
1268 2937 1372 3004 diner-

238 3065 306 3112 sum
327 3062 464 3110 amorem
479 3045 601 3127 spirent
621 3044 661 3109 ab
683 3062 721 3109 eo
741 3062 833 3125 quem
855 3042 896 3107 ad
915 3042 1060 3108 Lesbiam
1082 3045 1177 3110 missi.
1223 3047 1371 3113 nimirum

237 3155 352 3223 Lesbia
375 3161 444 3222 erat
467 3155 558 3221 uulua
586 3153 702 3222 femina
724 3172 817 3236 quam
840 3154 960 3219 sincere
981 3159 1013 3217 et
1036 3155 1199 3222 exanimo
1222 3158 1370 3225 dilexerit

237 3267 396 3334 Catullus:
420 3267 451 3330 in
474 3266 616 3332 hannon
638 3265 738 3330 solum
760 3263 891 3330 formam
913 3264 1060 3347 corporis
1085 3267 1140 3332 sed
1160 3268 1255 3333 etiam
1273 3270 1369 3334 animi

236 3378 416 3461 ingeniique
437 3378 519 3445 bona
534 3377 707 3442 admiratus
730 3381 786 3440 ost.
831 3375 914 3458 quod
936 3375 1003 3457 ipse
1020 3376 1162 3442 uersibus
1178 3380 1372 3444 suauissimis

237 3489 391 3572 expressit
414 3489 452 3574 [c.
476 3485 623 3571 LXXIl]:

444 3629 555 3687 dicebas
573 3629 710 3698 qnondam
730 3629 817 3684 solum
835 3637 862 3684 te
880 3643 963 3684 nosse
981 3629 1125 3698 Catullum,

515 3722 624 3790 Lesbia,
642 3739 693 3777 nec
710 3738 778 3793 prae
794 3738 837 3778 me
855 3722 927 3778 nelle
947 3729 1040 3778 tenere
1057 3724 1163 3779 donem.
1268 3743 1270 3746 ·

444 3818 526 3874 dilexi
545 3825 601 3872 tum
619 3823 646 3872 te
663 3833 716 3872 non
733 3820 838 3872 tantum
859 3821 890 3871 ut
908 3817 1006 3886 uulgus
1026 3818 1148 3885 amicam,

512 3911 560 3968 sed
578 3917 658 3980 pater
675 3919 705 3967 ut
722 3914 821 3978 gnatos
840 3909 929 3979 diligit
947 3916 975 3966 et
992 3925 1116 3979 generos.

235 4041 409 4124 dequibus
431 4042 590 4122 uersibus
619 4059 696 4124 quos
717 4060 776 4106 non
800 4039 1025 4106 intellexerunt
1046 4040 1205 4106 Kroonius
1226 4040 1269 4124 [p.
1296 4041 1370 4125 125]

235 4158 266 4218 ct
288 4152 412 4218 Riesius
434 4153 477 4238 [p.
497 4153 581 4237 753]‚
605 4158 689 4218 recte
712 4151 865 4218 iudicauit
887 4150 1101 4234 Westphalius
1125 4151 1168 4236 [p.
1190 4150 1274 4234 115].
1310 4152 1369 4216 ita-

234 4281 296 4346 que
319 4283 388 4360 cupn
411 4264 497 4332 nulla
520 4269 672 4346 appareat
693 4279 786 4330 causa
806 4281 861 4330 cur
882 4261 1006 4330 Catullo
1029 4263 1089 4346 ipsi
1111 4262 1236 4345 saepius
1256 4261 1370 4328 latenti
