3142 4922
761 480 780 538 9

88 707 93 712 .
204 647 258 731 51]
280 651 405 729 sumpto
427 652 593 729 postquam
614 647 706 712 triste
727 647 804 712 illud
836 667 897 728 qno
914 643 1056 712 'nondum
1076 646 1152 712 felix
1174 647 1338 714 fruebatur

203 758 309 841 puella
332 762 437 824 amata
460 763 583 839 tempus
606 757 868 837 commemorauit,
892 775 963 821 mox
983 759 1014 821 in
1038 756 1149 823 melius
1172 757 1250 824 illud
1273 779 1338 825 mu·

203 871 303 934 tatum
321 873 432 951 aperta
449 868 625 932 amantibus
643 874 800 949 tamquam
815 867 938 949 refugio
961 867 1035 932 Allii
1057 868 1147 932 domo
1172 867 1336 952 [ol-70}
1420 861 1423 866 ’

146 1001 150 1006 ·
203 979 263 1043 iam
287 977 430 1044 Catullus
451 978 597 1044 Lesbiam
620 997 690 1044 cnm
712 979 886 1044 Laudamia
914 978 957 1062 [u.
983 977 1143 1060 70-131]
1167 983 1337 1060 comparat.

201 1107 283 1170 quae
312 1090 505 1170 comparatio
534 1089 651 1154 nullam
681 1089 775 1154 aliam
798 1090 837 1154 ob
869 1106 994 1154 causam
1017 1088 1163 1152 instituta
1185 1105 1279 1169 qnam
1303 1092 1338 1152 ut

201 1197 375 1280 profundus
396 1198 480 1263 illius
503 1217 591 1265 amor
610 1218 704 1281 quam
726 1181 865 1264 maxime
880 1199 1031 1263 reddatur
1050 1197 1189 1277 illustria,
1212 1205 1248 1262 ut
1270 1217 1337 1263 car-

202 1309 294 1374 minis
316 1308 406 1390 quasi
428 1309 537 1373 domus
558 1309 690 1374 interior
712 1315 774 1392 est,
798 1311 843 1373 ita
866 1310 896 1372 in
921 1309 998 1373 duas
1020 1311 1128 1390 partes
1151 1306 1338 1372 discinditur

203 1418 369 1483 interiecta
388 1417 496 1483 fratris
518 1420 634 1484 mortni
656 1419 948 1484 commemoratione
971 1417 1035 1502 [uu.
1061 1417 1235 1501 91-101].
1280 1417 1337 1482 hos

201 1529 299 1609 igitur
322 1545 431 1593 uersus
454 1529 543 1609 quasi
566 1547 622 1610 pro
645 1529 754 1592 intinro
777 1528 887 1593 domus
904 1547 1027 1594 recessu
1051 1528 1167 1593 habere
1188 1528 1269 1594 licet.
1300 1547 1338 1594 eo

203 1643 308 1702 autem
323 1639 406 1718 quod
424 1638 609 1720 interposita
627 1638 666 1702 de
680 1637 787 1704 fratris
804 1643 904 1703 morte
918 1639 1031 1704 acerba
1045 1639 1237 1719 digressione
1255 1638 1337 1702 Lan-

204 1747 327 1813 damiae
346 1748 510 1813 historiam
534 1749 688 1829 inceptam
710 1747 853 1828 disrupit,
878 1747 935 1813 hoc
956 1747 1030 1813 mihi
1055 1748 1190 1820 uoluisse
1212 1749 1338 1813 uidetur

203 1859 344 1924 Catullus
367 1863 402 1924 ut
426 1863 526 1923 morte
549 1858 604 1922 illa
626 1876 716 1922 suum
738 1876 861 1939 quoque
883 1876 952 1923 com
969 1857 1081 1923 Lesbia
1104 1877 1241 1923 amorem
1264 1859 1337 1923 olim

202 1970 391 2050 diremptum
414 1987 481 2034 esse
497 1967 658 2048 significet.
704 1970 764 2034 iam
788 1987 863 2033 nero
878 1974 973 2050 poeta
997 1968 1036 2033 ad
1051 1969 1196 2034 carminis
1214 1987 1337 2035 cursum

202 2075 380 2144 institutum
396 2099 541 2144 reuersus
559 2099 618 2143 non
638 2080 741 2161 potnit
756 2085 920 2161 pertexere
931 2079 1123 2144 Laudamiaa
1139 2099 1207 2144 cum
1223 2080 1338 2145 Lesbia

200 2191 463 2272 comparationem
480 2192 541 2254 nisi
555 2191 600 2254 ita
617 2195 651 2254 ut
668 2195 795 2254 seruata
811 2190 947 2271 partium
962 2188 1188 2270 aequabilitate
1206 2192 1337 2272 triginta

202 2283 346 2366 uersibus
369 2299 546 2384 [70—101]
571 2306 743 2382 opponeret
758 2295 889 2382 triginta
912 2300 1028 2364 alteros
1044 2299 1253 2385 [Iol-131}
1278 2301 1337 2366 ita-

201 2429 263 2492 que
286 2410 370 2491 quod
394 2411 424 2474 in
453 2409 533 2475 hanc
555 2416 676 2492 partem
699 2410 848 2474 nonnulla
872 2410 979 2474 intulit
1001 2410 1094 2491 plane
1116 2411 1218 2476 aliena
1239 2412 1337 2493 qnod·

203 2539 264 2602 qne
286 2539 354 2585 eam
377 2519 500 2600 longius
532 2539 624 2602 quam
646 2540 704 2602 pro
733 2526 840 2586 nostro
862 2521 916 2602 qui
938 2539 1020 2585 nnnc
1042 2539 1148 2585 sumus
1171 2529 1264 2599 gustu
1285 2540 1337 2585 ex-

203 2630 314 2709 tendit,
340 2630 431 2694 facile
454 2647 492 2694 ex
514 2631 576 2693 ista
598 2633 807 2712 symmetriam
829 2631 978 2694 seruandi
996 2632 1183 2695 necessitate
1207 2650 1337 2698 excusa·

174 2728 179 2736 ’
203 2741 313 2804 bimus.
360 2741 483 2822 depicto
506 2741 564 2806 hoc
584 2742 675 2806 modo
695 2740 829 2805 Lesbiae
851 2759 956 2805 amore
972 2742 1085 2805 iterum
1103 2742 1216 2822 uiginti
1237 2759 1336 2823 prope

202 2850 346 2915 uersibus
369 2850 567 2934 [131-149]
591 2853 630 2915 ad
651 2853 749 2933 ipsam
778 2851 934 2916 dominam
958 2869 1104 2916 reuersus
1134 2851 1166 2914 in
1196 2858 1337 2934 tempore
1367 2855 1368 2860 ’

201 2960 308 3025 futuro
330 2961 373 3044 [u.
399 2965 458 3024 136
483 2961 631 3046 feremus]
661 2962 858 3044 depingendo
881 2967 1088 3027 commoratur
1110 2979 1205 3042 seque
1226 2967 1337 3044 utpote

201 3072 234 3134 in
254 3071 386 3136 muliere
408 3089 470 3135 non
493 3072 583 3136 iustis
605 3073 722 3153 nuptiis
745 3091 849 3138 secum
874 3073 980 3138 iuncta
1002 3091 1063 3136 non
1086 3072 1178 3136 nimis
1200 3073 1336 3154 rigidum

201 3187 233 3247 et
265 3199 408 3248 seuerum
439 3201 559 3246 morum
593 3183 676 3247 illius
710 3183 869 3248 custodem
902 3181 969 3246 fore
1001 3179 1146 3246 affirmat.
1199 3183 1335 3266 denique

201 3293 246 3377 [u.
273 3293 454 3375 149—160]
478 3294 509 3355 in
533 3293 625 3372 dllio,
658 3296 692 3355 ut
713 3293 852 3373 initium,
885 3293 931 3358 ita
961 3291 1053 3356 finem
1080 3295 1227 3359 carminis
1248 3294 1334 3361 facit.

200 3403 464 3485 deprehendimus
489 3403 586 3481 igitur
607 3401 688 3466 hanc
712 3403 904 3482 singularum
919 3404 1057 3485 partium
1081 3407 1333 3485 responsionem:

262 3517 385 3578 40-51
410 3513 551 3596 (nr-ro
573 3512 744 3596 [qna-ar)
768 3513 1071 3596 ÷(91-101):
1095 3514 1278 3599 ror-130]

582 3623 764 3704 rar-149)
785 3627 963 3688 rna-ico.

287 3734 369 3812 Quid
389 3740 495 3799 autern
517 3734 578 3799 sibi
600 3734 669 3798 uult
693 3752 816 3799 carmen
838 3733 985 3799 LllVlllb
1010 3734 1050 3799 ad
1071 3734 1187 3799 Allium
1211 3733 1256 3801 ita
1280 3736 1336 3800 da-

201 3851 267 3910 tum
292 3853 324 3910 et
344 3846 376 3910 in
399 3845 511 3926 gratiis
534 3844 617 3909 Allio
640 3845 770 3924 agendis
798 3845 843 3910 ita
865 3851 1026 3910 uersatum
1050 3850 1084 3910 ut
1105 3850 1209 3910 tamen
1232 3839 1336 3912 ornnia

199 3957 241 4022 ad
272 3958 363 4022 unius
393 3955 526 4020 Lesbiae
557 3956 666 4020 landes
700 3961 796 4037 atque
824 3956 1091 4038 praedicationem
1121 3958 1335 4023 contendant?

199 4068 345 4132 nimirum
371 4065 513 4130 Catullus
536 4066 665 4130 Romam
685 4084 719 4130 se
741 4083 940 4130 reuersurum
962 4085 1029 4132 esse
1052 4069 1243 4148 comalio,
1267 4073 1333 4132 tum

197 4196 275 4243 nero
290 4177 423 4241 Lesbiae
446 4176 580 4242 nuntiat.
604 4178 658 4243 sed
682 4179 847 4258 quominus
870 4179 965 4244 misso
984 4179 1121 4243 carmina
1143 4179 1197 4244 illo
1219 4197 1333 4260 perga·

198 4307 268 4353 mus
290 4287 460 4370 prohibent
480 4288 547 4352 eius
571 4306 600 4352 u.
628 4291 687 4352 135
697 4307 759 4370 sq:
