3142 4922
219 678 334 744 Gutuulli
358 678 502 742 turbasse
526 695 663 751 amorem
694 677 746 762 [ci.
768 677 840 744 XOI
867 697 897 743 u.
923 683 941 742 5
965 684 997 745 et
1021 677 1064 762 6].
1109 683 1194 744 certe
1217 677 1352 744 Gellium

218 789 356 854 omnium
380 786 650 852 uehementissime
669 787 889 892 plurimisque*
906 788 1096 853 carminibus
1118 793 1213 869 poeta
1233 790 1354 855 iduebi-

192 931 194 938 v
213 907 279 963 tur.
324 903 490 980 praeterea
509 897 676 978 Egnatium
700 895 739 980 [c.
756 897 905 963 XXXVII
921 904 953 964 et
967 897 1170 981 XXXVIIII],
1196 899 1353 965 Rauidum

219 1007 371 1092 [XXXX],
395 1007 541 1072 Lesbium
558 1005 770 1090 [LXXVIIII],
795 1006 958 1085 Quintium
976 1007 1148 1092 [LXXXII]
1171 1014 1207 1072 ut
1221 1009 1353 1074 Lesbiae
1427 1079 1430 1082 ,
1481 1073 1483 1080 ,

218 1118 380 1183 adulteros
403 1119 588 1199 insequitur.
636 1135 713 1198 quos
735 1135 934 1183 enumerasse
955 1117 1085 1198 sufficit,
1109 1137 1178 1185 cum
1198 1118 1239 1184 ab
1260 1119 1353 1184 huius

218 1230 345 1310 quidem
377 1229 600 1310 disputationis
627 1228 789 1309 proposito
817 1229 953 1294 alienum
984 1229 1026 1292 sit
1064 1229 1095 1292 in
1126 1229 1175 1293 his
1206 1229 1351 1295 sordibus

217 1339 337 1403 diutius
358 1339 551 1404 commorari.
597 1356 659 1402 uno
687 1342 809 1402 tantum
838 1338 877 1403 de
909 1339 1045 1403 carmine
1073 1339 1168 1420 paulo
1197 1319 1352 1421 copiosius

218 1449 295 1513 mihi
317 1449 472 1530 agendum
496 1453 552 1513 est.
597 1448 671 1513 inde
701 1449 783 1513 enirn
813 1449 896 1530 quod
919 1448 1063 1512 Lesbiam
1087 1452 1151 1512 tam
1174 1427 1295 1515 abiecte
1317 1468 1351 1515 se

222 1559 357 1640 gessisse
382 1559 500 1639 uident,
523 1559 663 1624 nonnulli
680 1559 777 1623 Riesii
801 1559 840 1624 de
863 1559 1042 1624 meretricia
1063 1558 1147 1624 illius
1169 1561 1351 1625 condicione

222 1668 363 1750 opinioni
386 1668 517 1733 forsitan
538 1669 663 1750 patroni
679 1671 851 1734 extiterint.
874 1669 953 1734 bene
975 1661 1370 1750 autem'distinguendum‘

219 1790 267 1843 est
289 1779 371 1843 inter
394 1779 541 1843 feminam
564 1796 644 1859 quae
672 1796 802 1860 corpore
824 1779 919 1845 iaciat
943 1785 1107 1860 quaestum
1128 1787 1160 1844 et
1182 1799 1251 1844 eam
1271 1798 1352 1862 quae
1451 1777 1454 1786 '

220 1887 371 1962 effrenata
393 1889 524 1953 libidine
545 1893 616 1953 acta
639 1889 781 1952 omnibus
801 1907 869 1954 sese
888 1891 1069 1971 prostituat.
1115 1889 1144 1952 ci
1166 1894 1272 1953 autem
1297 1891 1352 1971 qui

218 2004 338 2065 ceteros
362 1999 415 2079 qui
445 2016 566 2063 amores
593 1999 773 2063 cecinerunt
801 2003 911 2080 poetas
941 1999 1072 2078 latinos,
1105 2003 1184 2080 puta
1203 1998 1351 2064 Ouidium

218 2109 376 2174 Tibullum
402 2108 619 2190 Propertium,
653 2108 732 2172 bene
770 2109 888 2174 hubent
919 2109 1077 2189 cognitos,
1114 2127 1175 2173 non
1206 2110 1352 2189 ignorant

216 2237 309 2301 quam
332 2218 421 2283 multi
445 2219 508 2283 sint
530 2218 575 2282 illi
600 2218 631 2282 in
649 2218 784 2299 querelis
807 2220 847 2284 de
865 2219 1042 2302 puellarum
1064 2235 1192 2283 suarum
1216 2221 1350 2286 assiduis

215 2330 382 2410 nimiisque
397 2328 670 2411 postulationibus.
716 2330 783 2411 ipse
804 2347 927 2410 quoque
951 2328 1108 2409 Catullus,
1133 2347 1202 2393 cum
1224 2335 1351 2411 postero

218 2447 358 2521 tempore
375 2438 453 2502 alios
472 2443 646 2502 sectaretur
662 2456 791 2518 amores,
811 2439 946 2504 carmine
961 2437 1094 2502 XXXXI
1115 2440 1233 2504 enormi
1248 2440 1351 2522 pretio
1446 2429 1449 2434 ’

220 2554 390 2613 Ameanam
423 2565 491 2611 sese
519 2548 718 2613 uendituram
751 2527 821 2612 cese
851 2549 1049 2614 acerbissime
1080 2551 1223 2630 queritur
1245 2549 1297 2635 [cf.
1321 2558 1353 2617 et

219 2655 305 2740 OX];
329 2654 383 2718 sed
405 2657 436 2719 in
461 2661 509 2720 tot
522 2658 675 2748 poematis
697 2656 737 2722 ad
752 2657 897 2722 Lesbiam
920 2660 1003 2723 datis
1026 2659 1065 2724 de
1087 2659 1146 2723 hac
1166 2678 1201 2724 re
1223 2680 1262 2724 ne
1283 2663 1352 2726 uni-

217 2785 286 2832 cum
309 2767 435 2847 quidem
458 2767 587 2831 uerbum
608 2767 774 2846 reperitur.
820 2785 922 2848 neque
944 2769 1114 2851 quidquam
1135 2770 1175 2835 ad
1191 2765 1361 2836 stabilienw

217 2878 290 2942 dam
312 2877 501 2941 sententiam
526 2875 704 2940 Ricciacum
724 2877 810 2941 ualet
833 2894 858 2941 c.
882 2877 1047 2943 XXXVII:

320 3021 402 3081 Salax
420 3027 536 3082 taberna
554 3041 659 3093 uosque
678 3025 895 3095 contubernales,

321 3135 338 3174 a
358 3119 470 3188 pileatis
488 3133 561 3174 nona
579 3118 710 3173 fratribus
727 3117 794 3187 pila,

321 3211 386 3266 solla
407 3211 510 3280 putetis
528 3226 590 3266 esse
606 3209 741 3266 mentulas
759 3212 847 3280 uobis,

320 3303 386 3358 solis
407 3305 499 3373 licere,
521 3304 651 3374 quidquid
670 3312 712 3360 est
729 3304 890 3374 puellarum,

319 3393 478 3452 confutuere
497 3403 524 3450 et
540 3405 638 3465 putare
656 3403 762 3452 ceteros
780 3397 893 3453 hircos?

320 3505 363 3558 an,
381 3489 553 3544 conticenter
571 3490 645 3558 quod
663 3491 763 3548 sedetis
781 3491 880 3547 insulsi

318 3589 426 3637 centum
443 3597 479 3636 an
497 3582 614 3652 ducenti,
631 3598 686 3637 non
703 3585 806 3651 putatis
825 3599 954 3639 ausurum

319 3692 361 3732 me
382 3690 437 3731 una
454 3674 584 3730 ducentos
603 3676 735 3730 irrumare
754 3679 897 3733 sessores?

318 3772 396 3840 atqui
412 3774 522 3839 putate:
540 3784 657 3838 namque
674 3769 759 3825 totius
780 3771 860 3826 uobis

317 3862 436 3917 frontem
452 3863 584 3918 tabernae
603 3862 793 3932 scorpionibus
812 3865 938 3920 scribam.

319 3955 412 4024 puella
429 3971 492 4011 nam
509 3957 554 4023 mi,
573 3972 644 4025 quae
660 3972 721 4012 meo
740 3956 802 4012 sinu
821 3957 902 4028 fugit,

317 4055 407 4104 amata
424 4055 529 4104 tuntum
547 4056 677 4117 quantum
695 4051 831 4106 amabitur
848 4053 933 4124 nulla,

317 4159 369 4211 pro
388 4159 442 4211 qua
458 4143 524 4197 mihi
541 4152 603 4200 sunt
620 4160 720 4212 magna
740 4144 813 4199 bella
830 4153 961 4216 pugnata,

318 4237 440 4292 consedit
457 4237 528 4292 istic.
564 4239 637 4293 hanc
655 4238 720 4294 boni
738 4239 868 4307 beatique

319 4347 412 4386 ornnes
429 4331 535 4402 amerb,
551 4338 580 4388 et
597 4333 715 4401 quidem,
733 4332 806 4402 quod
823 4333 996 4404 indignumst,
