3142 4922
1310 360 1334 396 θ
1378 387 1382 392 .

792 445 810 505 7

235 599 307 680 dam
330 629 399 680 esse
421 611 520 678 Riesii
550 610 592 696 [p.
618 609 694 696 753]
722 612 908 678 sententiam
938 627 995 694 per
1021 628 1055 678 se
1076 611 1139 678 iam
1159 612 1310 679 reiculam
1331 612 1371 680 de

235 724 357 807 nuptiis
379 729 415 788 ut
437 723 527 788 aiunt
548 723 689 805 innuptis
711 723 763 804 agi
786 722 952 788 censentis.
1061 795 1067 810 ,

322 833 391 913 Quo
415 837 559 914 tempore
580 849 705 914 quoque
726 832 818 898 modo
842 830 985 898 Catullus
1007 849 1076 898 cum
1098 832 1212 899 Lesbia
1234 832 1370 898 iamilia·

236 946 363 1010 ritatem
377 943 569 1009 contraxerit
589 959 646 1008 nos
661 943 724 1008 iam
744 945 906 1024 nescimus,
929 943 992 1007 nisi
1015 943 1098 1024 quod
1114 961 1153 1009 ex
1178 962 1202 1010 c.
1217 943 1366 1010 LXVIIII'
1455 974 1460 989 ⁴

236 1075 265 1121 u.
290 1058 367 1133 157,
397 1053 526 1134 dequo
558 1053 661 1136 capite
691 1054 787 1118 tertio
823 1071 931 1134 agam,
964 1053 1069 1134 colligi
1090 1058 1196 1135 potest
1218 1055 1369 1120 Anserem

234 1169 361 1247 poetam
389 1163 420 1228 in
450 1161 583 1228 Lesbiae
612 1163 738 1230 domum
771 1163 897 1228 duxisse
925 1152 1191 1229 adulescentem
1216 1165 1370 1231 restitisse

150 1270 151 1273 ’
234 1293 291 1358 per
323 1273 450 1356 aliquod
476 1278 560 1338 certe
593 1277 716 1354 tempus
739 1273 885 1339 seminam
910 1273 1015 1355 cupidi
1044 1274 1193 1339 amatoris
1215 1274 1368 1357 precibus,

235 1386 289 1467 qui
313 1383 503 1451 carminibus
525 1383 722 1464 maximeque
751 1383 806 1449 illo
837 1383 876 1467 [c.
899 1383 955 1467 nl]
982 1383 1046 1449 ‘ille
1075 1385 1116 1449 mi
1139 1401 1288 1466 parasse
1311 1383 1369 1449 deo
1405 1369 1407 1377 '

236 1493 373 1560 uidetur’
395 1510 532 1559 amorem
555 1493 583 1558 ei
606 1491 832 1574 declarauerat,
857 1493 996 1560 ostendit
1018 1511 1042 1559 c.
1063 1493 1240 1560 LXXXIII:

392 1653 493 1711 Lesbia
510 1654 549 1710 mi
565 1659 712 1724 praesente
727 1653 789 1710 uiro
805 1654 878 1708 mala
894 1653 1013 1722 plurima
1030 1653 1108 1709 dicit:

443 1748 513 1805 haec
529 1747 570 1802 illi
589 1746 666 1803 fatuo
682 1748 798 1803 maxima
814 1747 955 1802 laetitiast,
1074 1753 1092 1806 .'

389 1841 472 1909 mule,
490 1839 567 1896 nihil'
577 1839 683 1896 sentis?
701 1841 724 1895 si
741 1838 829 1895 nostri
848 1838 935 1894 oblita
952 1843 1067 1907 taceret,

444 1949 512 1990 sana
531 1940 612 1989 emat.
637 1947 710 1987 nunc
727 1931 800 2000 quod
816 1931 914 2001 gannit
931 1936 959 1986 et
977 1930 1143 2002 obloquitur,

390 2043 445 2084 nou
465 2027 553 2082 solum
570 2026 699 2094 meminit,
716 2025 773 2094 sed,
792 2040 861 2093 quae
877 2025 963 2081 multo
981 2024 1072 2081 acrior
1089 2031 1131 2080 est
1148 2041 1202 2094 res,

408 2109 412 2116 ’
443 2119 550 2188 iratast,
569 2120 623 2174 hoc
640 2124 690 2187 est,
705 2118 792 2172 uritur
811 2125 839 2174 et
856 2118 990 2189 coquitur.

238 2287 309 2334 nam
339 2267 570 2334 nihilomnino
600 2266 706 2333 obstat
735 2267 900 2348 quominus
933 2265 989 2331 bos
1013 2283 1122 2331 uorsus
1151 2264 1370 2345 intellegamus

238 2380 277 2444 de
290 2378 407 2445 Lesbia
428 2384 542 2460 poetae
556 2394 693 2443 amorem
715 2379 830 2443 iterum
847 2378 1024 2458 iterumque
1053 2373 1194 2458 professo
1219 2373 1371 2439 subirata.

235 2489 303 2571 ipse
335 2492 440 2553 autem
469 2493 565 2570 poeta
593 2487 730 2552 nondum
752 2487 784 2552 in
805 2504 911 2552 amore
946 2492 1058 2569 potens
1084 2485 1211 2566 quantis
1233 2483 1372 2550 aestibus

239 2600 374 2666 iactatus
396 2598 438 2664 sit
460 2616 485 2665 c.
506 2596 654 2663 LXVIIIb
678 2615 708 2661 u.
733 2599 859 2662 53-56
883 2595 1039 2662 declarat:

443 2755 504 2796 cum
517 2745 622 2795 tantum
640 2737 762 2794 arderem
782 2743 912 2806 quantum
931 2737 1075 2793 Trinacria
1093 2725 1177 2807 rupes

512 2833 679 2904 lymphaque
695 2830 724 2886 in
744 2830 853 2886 Oetaeis
872 2831 957 2886 Malia
975 2829 1172 2900 Thermopylis,

443 2932 547 2982 maesta
564 2922 653 2995 neque
670 2924 781 2981 assiduo
800 2925 943 2981 tabescere
962 2924 1068 2995 pupula
1085 2922 1151 2980 fletu

516 3027 635 3076 cessaret
653 3017 780 3086 tristique
797 3016 883 3073 imbre
900 3019 1012 3074 madere
1030 3033 1124 3088 genae.

326 3149 401 3215 Mox
423 3147 538 3224 Lesbia
559 3145 676 3214 Catulli
704 3165 841 3214 amorem
863 3165 970 3214 amore
991 3148 1183 3231 respondens
1204 3146 1297 3213 fidem
1319 3165 1372 3212 ru-

238 3261 287 3344 pit
310 3260 434 3326 marito.
479 3263 512 3325 et
532 3259 633 3342 primo
661 3258 787 3340 quidem
816 3258 900 3340 quod
929 3259 962 3323 in
990 3276 1097 3324 eorum
1130 3275 1236 3323 amore
1262 3275 1373 3338 seque·

237 3372 332 3439 batur
354 3369 488 3453 tempori
512 3374 621 3452 aparte
643 3368 845 3435 attribuenda
867 3374 941 3434 sunt
964 3370 1102 3435 earmina
1123 3367 1155 3434 Π
1180 3370 1297 3450 ‘passer
1320 3369 1374 3433 de·

238 3482 331 3549 liciae
354 3499 442 3548 meae
462 3480 614 3564 puellae'3
643 3479 692 3548 III
714 3480 829 3560 ‘lugete
856 3497 875 3545 o
899 3478 1037 3546 Ueneres
1060 3477 1321 3562 Cupidinesque’3
1346 3477 1372 3542 V

240 3594 402 3672 ‘uiuamus
425 3609 494 3657 mea
508 3592 630 3672 Lesbia,
656 3596 751 3674 atque
773 3589 940 3672 amemus'3
962 3588 1022 3654 VII
1045 3590 1179 3671 ‘quaeris
1199 3594 1277 3671 quot
1298 3587 1374 3656 mihi

239 3702 449 3770 basiationes’.
494 3706 664 3785 aperuerat
691 3705 797 3767 autem
827 3700 1005 3766 amantibus
1028 3700 1152 3765 domum
1176 3717 1280 3780 suam,
1312 3717 1374 3780 quo

239 3813 443 3882 conuenirent
466 3818 709 3894 crescerentque
730 3828 870 3890 amores,
893 3809 995 3876 Allius
1018 3809 1161 3890 quidam,
1193 3811 1244 3875 uir
1265 3810 1374 3892 procul

240 3925 334 3992 dubio
350 3921 449 3990 nobili
465 3941 581 4006 genere
593 3928 680 3989 ortus
696 3921 748 4007 [ci.
761 3918 906 3986 [XVIIIb
925 3925 967 3986 50
983 3925 1015 3986 et
1033 3919 1245 4004 Westpbalius
1262 3941 1291 4003 p.
1308 3920 1373 4004 97].

240 4037 289 4103 cui
312 4036 427 4102 amoris
448 4036 517 4102 ueri
539 4033 651 4102 florido
673 4051 742 4100 cum
755 4033 851 4098 breue
873 4049 930 4114 per
952 4037 1075 4114 tempus
1095 4031 1276 4097 indulsisset
1299 4049 1374 4113 poe·

239 4153 282 4228 ta,
305 4147 420 4214 accidit
438 4151 475 4212 ut
496 4143 596 4212 frater
625 4145 693 4211 eius
722 4131 833 4211 acerbo
861 4144 928 4208 fato
956 4149 1132 4224 raperetur.
1179 4159 1242 4224 quo
1265 4140 1374 4208 dolore

239 4259 401 4342 perculsus
423 4255 567 4324 catullus
586 4255 656 4322 siue
674 4256 775 4339 patris
799 4253 903 4322 orbati
925 4253 1107 4321 consolandi
1129 4254 1197 4319 siue
1227 4252 1305 4319 urbe
1325 4269 1375 4316 re·
