3142 4922
767 407 808 470 23

309 575 439 642 Duobus
469 581 576 644 autem
606 575 757 658 exemplis
787 581 893 658 potest
927 581 1014 640 certo
1048 574 1258 640 demonstrari
1288 592 1357 638 eam

223 703 306 769 quae
328 688 489 769 exemplar
521 685 702 752 Ueronense
732 687 849 751 insedit
879 685 1139 767 depranationcm
1175 686 1239 749 iam
1264 685 1359 749 tertio

223 802 402 879 quartoque
431 815 462 878 p.
492 795 564 861 Chr.
594 815 624 860 n.
655 797 781 862 saeculo
812 796 984 860 maximam
1021 800 1146 876 partem
1175 793 1358 875 optinuisse.

224 906 361 987 primum
384 906 467 972 enim
491 907 633 990 Hyginus
641 906 671 990 *)
695 906 827 991 [astron.
858 906 971 989 poetic.
1001 905 1033 969 11
1057 904 1112 988 24]
1131 904 1208 969 haec
1231 904 1358 970 scribit:

227 1021 308 1082 ‘sunt
328 1016 412 1082 aliae
435 1023 556 1098 septem
578 1018 690 1083 stellae
712 1019 753 1083 ad
777 1019 912 1083 caudam
934 1015 1034 1080 leonis
1057 1017 1089 1079 in
1106 1015 1266 1096 triangulo
1288 1033 1359 1080 con-

223 1125 360 1207 locatae,
389 1143 468 1208 quas
497 1128 598 1192 crines
621 1128 787 1194 Berenices
817 1145 885 1194 esse
908 1125 1015 1192 Conon
1036 1124 1162 1190 Samius
1184 1125 1359 1191 mathema·

224 1237 305 1301 ticus
327 1241 359 1300 el
382 1236 593 1302 Callimachus
615 1238 701 1303 dicit.
746 1257 817 1304 cum
839 1237 1041 1303 Ptolomaeus
1063 1236 1252 1315 Berenicen,
1285 1236 1359 1300 Pto·

223 1346 338 1411 lomaei
366 1351 399 1411 et
423 1347 570 1412 Arsinoes
599 1347 782 1432 [aristonis
813 1348 916 1432 codd]
947 1346 1063 1428 filiam,
1093 1365 1232 1412 sororem
1256 1365 1358 1427 suam,

225 1456 366 1522 duxisset
395 1476 525 1522 uxorem
555 1463 587 1523 et
615 1460 724 1540 paucis
753 1463 826 1540 post
862 1458 973 1523 diebus
999 1458 1108 1522 Asiam
1141 1463 1358 1540 oppugnatum

226 1567 386 1648 profectus
410 1572 502 1648 esset,
525 1569 652 1634 uouisse
666 1569 847 1648 Berenicen,
872 1569 898 1632 si
922 1568 1022 1633 vietor
1036 1567 1238 1634 Ptolomaeus
1259 1570 1359 1654 redis-

226 1685 284 1759 set,
308 1697 342 1743 se
364 1679 482 1744 crinem
503 1679 717 1744 detonsuram.
763 1696 826 1760 quo
849 1684 924 1744 uoto
940 1678 1147 1759 dampnatom
1170 1679 1272 1744 crines
1295 1678 1358 1762 [ita

164 1781 167 1788 ’
224 1789 351 1872 scripsi:
387 1789 524 1855 ‘crinem’
549 1789 654 1873 codd]
676 1789 707 1853 in
732 1788 864 1854 Ueneris
886 1790 1034 1854 Arsinoes
1064 1788 1276 1871 Zephyritidis
1304 1809 1359 1872 po·

139 1895 142 1909 ¹
224 1902 324 1966 suisse
345 1899 464 1982 templo
492 1916 608 1980 eosque
630 1904 757 1981 postero
779 1899 830 1964 die
852 1917 914 1964 non
937 1899 1159 1980 comparuisse.
1205 1901 1289 1981 quod
1313 1899 1359 1964 fa·

226 2019 313 2078 ctum
336 2028 409 2078 cum
431 2028 486 2075 rex
507 2027 602 2088 aegre
632 2007 746 2089 ferret,
779 2008 886 2074 Conon
910 2007 970 2092 [ita
990 2027 1063 2090 ego:
1101 2007 1216 2074 ‘Conon
1239 2010 1360 2076 mathe-

223 2122 367 2189 maticns’
391 2121 480 2186 codd.
500 2139 540 2184 ex
555 2120 757 2204 glossemate]
774 2120 902 2200 cupiens
917 2120 996 2184 inire
1016 2120 1153 2200 gratiam
1174 2122 1258 2201 regis
1280 2122 1359 2186 dixit
1426 2169 1439 2176 -

224 2234 342 2300 crinem
373 2232 584 2297 intercidere
617 2231 803 2297 collocatum
832 2230 935 2295 uideri
964 2235 997 2295 et
1024 2230 1178 2312 quasdam
1200 2249 1360 2298 uacuasa

104 2327 110 2338 ’
222 2344 327 2426 figura
348 2349 469 2424 septem
489 2341 597 2406 stellas
615 2342 761 2418 ostendit,
787 2357 867 2422 quas
890 2359 958 2405 esse
972 2339 1244 2419 fingeretcrinem.
1280 2341 1360 2407 hanc
1411 2423 1413 2432 Α

225 2455 396 2518 Berenicen
429 2451 570 2517 nonnulli
601 2469 672 2517 cum
700 2450 894 2518 Callimacho
929 2452 1076 2516 dixerunt
1098 2469 1196 2532 equos
1220 2453 1305 2517 alere
1328 2457 1359 2516 et

226 2563 267 2627 ad
289 2561 436 2644 Olympia
464 2562 592 2624 mittere
621 2567 803 2626 consuetam
834 2561 941 2625 inisse.
987 2561 1042 2625 alii
1073 2561 1182 2626 dicunt
1212 2562 1270 2628 hoc
1292 2579 1359 2626 am-

225 2673 317 2754 plius,
341 2670 557 2756 Ptolomaeum
572 2670 737 2735 Berenices
750 2677 876 2752 patrem
898 2671 1103 2736 multitudine
1125 2672 1262 2737 hostium
1287 2689 1359 2753 per-

225 2782 371 2846 territum
395 2779 472 2861 fuga
493 2780 628 2845 salntem
652 2782 786 2863 petisse,
814 2779 911 2846 filiam
932 2787 1039 2846 autem
1060 2799 1155 2864 saepe
1177 2787 1359 2848 consuetam

223 2891 381 2960 insiluisse
402 2891 434 2956 in
457 2899 574 2973 equum
597 2896 629 2956 et
652 2891 808 2972 reliquam
832 2893 955 2973 copiam
979 2895 1135 2957 exercilus
1159 2892 1359 2957 constituisse

222 3009 255 3069 et
277 3003 453 3084 complures
469 3001 605 3067 hostium
623 3002 825 3083 interfecisse,
850 3003 987 3083 reliquos
1008 3003 1039 3066 in
1056 3001 1165 3084 fugam
1181 3004 1357 3084 coniecisse,

221 3134 280 3198 pro
299 3133 362 3198 quo
384 3115 482 3179 etiam
506 3111 718 3179 Callimachus
741 3133 812 3179 eam
830 3114 1066 3194 magnanimem
1090 3114 1189 3178 dixit'.
1235 3117 1270 3179 in
1289 3115 1359 3196 qui-

221 3226 280 3292 hus
301 3226 407 3290 uerhis
430 3225 589 3307 Hyginum
612 3224 669 3289 illa
690 3242 845 3306 perquam
867 3226 949 3288 mira
974 3223 1064 3289 ‘hanc
1086 3224 1256 3290 Berenicen
1280 3241 1358 3290 non·

221 3336 299 3401 nulli
331 3353 402 3401 cum
431 3333 624 3400 Callimacho
661 3335 809 3400 dixerunt
849 3353 946 3417 equos
976 3335 1071 3400 alere’
1106 3337 1290 3418 excripsisse
1321 3353 1358 3400 er

221 3445 339 3513 Catulli
364 3443 478 3528 [LXVI
501 3444 555 3528 54]
578 3445 684 3510 uerbis
706 3446 753 3510 ita
776 3447 807 3510 in
825 3445 1000 3510 Ueronensi
1023 3446 1206 3528 deprauatis
1230 3446 1358 3511 ‘obtulit

221 3559 367 3623 Arsinoes
389 3555 540 3621 Locridos
562 3553 621 3619 alis
647 3556 753 3636 equos'
784 3575 845 3620 non
876 3554 958 3637 fugit
980 3555 1112 3638 Hauptii
1138 3557 1274 3640 [quaest.
1298 3555 1357 3622 Ca·

220 3668 289 3734 tull.
312 3667 367 3751 84]
390 3683 532 3731 acumen.
578 3680 679 3745 eaque
702 3669 841 3732 restam
870 3667 957 3732 clara
985 3672 1083 3749 atque
1112 3672 1296 3749 apertaest
1320 3672 1358 3730 ut

219 3781 331 3845 subeat
346 3777 456 3843 mirari
472 3777 654 3857 nuperrime
667 3773 817 3840 Ottonem
832 3774 1058 3841 Schneidernm
1083 3780 1115 3842 in
1137 3776 1357 3843 Callimachcis

218 3891 262 3975 [11
284 3910 314 3973 p.
337 3889 411 3973 151]
433 3888 474 3954 ad
496 3893 656 3952 contortas
679 3887 957 3969 interpretationes
972 3887 1141 3969 confugere
1163 3905 1259 3970 quam
1282 3889 1357 3952 sim·

240 4015 367 4119 *lde
386 4015 450 4104 *eins
475 4055 564 4105 aetate
587 4048 723 4104 uidendus
747 4049 896 4104 Bursianus
921 4051 948 4104 in
980 4047 1112 4105 Fleckeis
1132 4049 1221 4104 annal.
1240 4064 1263 4100 n.
1287 4049 1357 4104 1866

217 4161 244 4212 p.
263 4146 321 4198 773.
358 4161 392 4197 ex
416 4143 534 4199 eiusdem
561 4143 613 4198 uiri
642 4143 714 4198 docti
741 4142 932 4199 collationibm
956 4141 1150 4197 humanissime
1175 4141 1357 4210 suppeditatis

220 4245 303 4305 capnt
321 4235 491 4307 Hygianeum
510 4237 681 4292 emendatum
700 4235 843 4305 adscripsi.
