3142 4922
715 1377 770 1442 ΙΠ.

342 1500 346 1508 ’
472 1520 754 1588 Emendationes
779 1519 1014 1589 Catullianao.

266 1697 302 1762 In
325 1694 525 1776 detergendis
547 1693 660 1776 quibus
682 1692 797 1759 Catulli
819 1694 943 1760 libellus
962 1694 1161 1762 librariorum
1185 1695 1306 1760 incuria

180 1807 373 1873 deformatus
404 1808 452 1868 est
483 1803 612 1869 maculis
642 1821 830 1886 quamquam
864 1805 1021 1884 egregiam
1051 1823 1179 1887 operam
1200 1822 1311 1885 posue·

180 1921 255 1983 runt
286 1934 354 1982 cum
386 1914 503 1980 saeculi
524 1912 581 1978 XV
604 1913 678 1978 Itali
706 1914 821 1994 quique
849 1915 995 1996 deinceps
1017 1913 1190 1982 floruerunt
1212 1914 1312 1997 philo·
1440 1905 1451 1926 ⁶

179 2028 258 2110 logi,
289 2031 354 2092 tum
386 2030 494 2090 nostra
524 2029 628 2090 aetate
650 2023 867 2089 Lachmannus
890 2025 1048 2108 Hauptius
1073 2026 1108 2092 L.
1141 2025 1312 2092 Muellerus

179 2137 243 2218 alii,
267 2137 399 2202 multum
423 2142 526 2201 tamen
551 2135 640 2201 abest
663 2140 698 2200 ut
718 2136 883 2215 genuinam
907 2135 960 2202 ille
982 2137 1137 2218 receperit
1164 2135 1311 2217 formam3

179 2249 273 2313 immo
296 2248 475 2330 aenigmata
497 2247 580 2313 haud
598 2264 698 2329 pauca
720 2265 812 2311 suum
829 2246 931 2315 adhuc
945 2249 1126 2314 desiderant
1148 2246 1311 2328 Oedipum.

178 2360 291 2442 quibus
314 2359 471 2425 soluendis
493 2377 568 2423 num
590 2375 671 2439 quae
693 2358 744 2437 hic
767 2358 825 2424 tibi
848 2357 1021 2424 offeruntur
1045 2351 1249 2436 satisfaciant,
1274 2355 1313 2422 de

180 2471 239 2535 hac
268 2488 304 2534 re
331 2476 437 2549 tuum,
467 2469 566 2535 lector
594 2469 740 2550 candide,
771 2475 900 2550 expecto
932 2469 1090 2535 iudicium.
1135 2468 1193 2534 hoc
1217 2485 1313 2532 unum

54 2605 55 2608 ¹
183 2580 264 2644 addo
288 2597 350 2643 non
365 2579 539 2644 subitarum
558 2579 807 2652 coniecturarum
829 2577 951 2658 nubem,
976 2579 1030 2643 sed
1048 2579 1199 2644 meditata
1216 2577 1314 2642 multo

182 2708 220 2754 ex
242 2694 383 2771 tempore
403 2706 559 2770 saepeque
581 2693 753 2753 retractata
776 2707 825 2753 me
846 2706 999 2770 promere.

265 2798 394 2880 18qu

402 2938 485 2992 qnare
501 2923 573 2979 habe
591 2924 641 2981 tibi
661 2924 793 2994 quidquid
810 2925 865 2980 hoc
883 2924 977 2994 libelli,

401 3017 605 3086 qualecumque.

181 3129 388 3195 intolerabilis
411 3137 443 3193 et
467 3148 486 3194 a
507 3129 707 3212 simplicitate
730 3131 795 3196 stili
818 3128 987 3197 Catulliani
1011 3151 1102 3213 quam
1122 3131 1312 3196 alienissima

180 3244 227 3304 cst
248 3239 311 3303 ista
331 3241 531 3319 exaggeratio
554 3241 723 3306 uerborum
745 3241 837 3323 plane
854 3243 936 3307 idem
953 3242 1122 3308 dicentium
1145 3240 1313 3322 ‘quicquid’

180 3355 210 3414 ct
236 3348 490 3430 qualecumque.
537 3349 631 3415 altius
660 3350 710 3415 hic
737 3350 816 3416 latet
845 3352 968 3418 uulnus.
1014 3371 1085 3418 nam
1114 3353 1248 3434 primum
1287 3349 1314 3413 V

182 3510 249 3576 ‘tibi
271 3510 361 3576 habe’
378 3508 517 3592 praebet,
542 3510 655 3576 deinde
673 3510 701 3572 G
719 3460 844 3576 ‘libebit
890 3533 984 3594 quam
1006 3514 1126 3578 uariam
1147 3513 1313 3578 lectionem

180 3627 251 3702 post
274 3639 311 3685 ea
333 3639 415 3703 quac
436 3639 531 3704 supra
553 3641 583 3704 p.
609 3625 703 3703 38sq.
734 3625 862 3704 exposui
886 3625 948 3689 iam
970 3643 1032 3689 non
1055 3642 1124 3690 com
1153 3622 1314 3690 Schwabio

183 3732 296 3818 [praef.
320 3751 349 3814 p.
361 3730 448 3814 XXl]
471 3750 527 3812 pro
542 3731 646 3812 glossa
666 3731 859 3814 habebimus
881 3735 913 3799 id
932 3736 1014 3815 quod
1038 3740 1069 3801 et
1093 3753 1150 3817 per
1173 3753 1206 3797 se
1222 3751 1314 3814 quam

183 3844 316 3909 maxime
339 3846 387 3907 est
408 3842 601 3908 incredibile.
647 3861 708 3908 uon
730 3845 807 3908 satis
829 3842 901 3926 lide,
925 3851 961 3910 nt
982 3851 1069 3928 puto,
1094 3829 1242 3911 librarius
1265 3861 1315 3906 co-

181 3955 258 4020 dicis
282 3953 312 4017 G
334 3953 473 4020 reddidit
495 3953 576 4018 hanc
605 3953 637 4017 in
668 3951 696 4015 V
718 3955 905 4036 scripturam
933 3955 1001 4022 ‘tibi
1024 3956 1174 4038 quicquid
1196 3955 1255 4020 hoc
1277 3954 1314 4018 li-

180 4065 254 4129 belli
276 4065 316 4128 al.
348 4065 429 4143 mei,
463 4082 531 4130 cum
561 4082 622 4128 non
653 4064 776 4129 uideret
803 4065 882 4130 illud
913 4065 961 4130 ‘al
986 4066 1057 4132 mei'
1086 4067 1244 4148 pertinere
1274 4065 1314 4130 ad

182 4174 359 4257 quicquid.
406 4175 468 4238 iam
493 4174 587 4240 talem
620 4175 808 4257 scripturam
838 4176 1021 4259 reciperatis
1051 4177 1140 4242 nobis
1163 4177 1235 4242 ‘mei
1256 4176 1315 4242 hoc

185 4285 291 4350 libelli’
323 4285 362 4350 ad
393 4283 614 4367 perficiendam
644 4304 753 4353 uersus
784 4280 1038 4368 deprauatissimi
1068 4289 1315 4355 emendationem
