3142 4926
1288 899 1321 1147 auferat.
1289 1189 1314 1316 una
1290 1359 1323 1495 dies
1283 1538 1316 1955 supremaque
1292 1997 1326 2194 uerba
1284 2235 1327 2517 parentis

1229 902 1260 1152 amittat
1222 1181 1262 1478 uigilasse
1232 1519 1255 1717 Suum-
1233 1807 1264 1861 si
1232 1906 1265 2070 forte
1225 2113 1265 2452 superbum

1167 899 1200 1138 errauit
1170 1179 1201 1244 in
1170 1289 1199 1490 morte
1162 1531 1202 1714 piger
1172 1763 1203 1818 si
1164 1858 1204 2075 lingua
1172 2111 1204 2321 locuta
1173 2366 1202 2462 est.

1108 898 1140 1106 nescio
1101 1153 1141 1304 quid
1103 1343 1142 1620 fugiente
1111 1663 1143 1872 anima
1112 1915 1135 2038 non
1104 2084 1141 2307 sponte
1112 2345 1144 2457 sed
1113 2502 1145 2648 altis

1040 901 1077 1257 expugnata
1050 1297 1082 1480 malis
1051 1523 1082 1666 odio
1043 1712 1083 2034 languoris
1044 2077 1083 2277 iniqui

988 901 1020 954 si
988 997 1011 1170 mens
989 1211 1012 1396 caeca
990 1437 1022 1558 fuit
990 1603 1022 1832 iterum
991 1877 1022 2114 sentire
991 2160 1023 2374 ruinas

929 901 961 1092 Troia
929 1133 952 1279 suas
930 1323 961 1550 iterum
923 1597 960 1854 cogetur
931 1898 962 2164 reddere
930 2205 954 2392 uoces

868 903 900 1175 infertur
861 1217 902 1444 Tyriae
862 1485 899 1630 post
870 1672 902 1937 uulnera
870 1980 902 2207 uulnus
871 2251 902 2495 Elissae

808 902 837 1032 tam
808 1076 832 1320 sacrum
810 1361 841 1641 soluetur
802 1685 833 1841 opus
810 1885 840 1978 tot
811 2024 842 2189 bella
811 2233 840 2329 tot.
811 2373 835 2551 enses

747 904 779 970 in
748 1015 780 1285 cinerem
750 1330 781 1506 dabit
750 1549 773 1662 ora
750 1705 773 1934 nocens
750 1977 779 2042 et
741 2083 783 2358 perfidus
751 2405 774 2584 error

687 905 719 1027 hue
688 1065 720 1188 hue
689 1229 721 1510 Pierides
689 1551 721 1696 date
690 1737 723 1997 flumina
690 2043 719 2264 cuncta
691 2307 714 2551 sorores

627 907 656 974 et
619 1011 659 1250 spirent
621 1293 660 1469 ignes
629 1513 661 1691 uiuat
630 1731 661 1922 Maro
629 1949 661 2170 ductus
622 2214 662 2445 ubique
668 2483 670 2486 ’

559 907 599 1317 ingratusque
568 1358 600 1455 sui
561 1498 601 1979 studiorumque
569 2022 601 2274 inuidus
570 2319 602 2456 orbi

506 909 536 969 et
507 1015 539 1218 faetus
500 1263 537 1407 post
508 1444 540 1580 fata
508 1616 532 1865 nocens-
500 1956 540 2123 quod
509 2168 540 2439 iusserat
509 2483 541 2591 ille

446 909 477 964 si
446 1011 479 1287 uetuisse
448 1331 471 1534 meum
448 1579 480 1734 satis
449 1777 478 1874 est.
440 1917 478 2060 post,
441 2099 477 2385 tempora.
450 2431 481 2562 uite

386 906 417 1093 immo
386 1137 418 1222 sit.
387 1264 416 1556 aeternus
388 1601 417 1739 tota
388 1783 418 2123 resonante
389 2168 422 2442 Camena

324 906 348 1155 carmen
327 1200 356 1264 et.
327 1308 358 1371 in
319 1416 360 1646 populo
327 1691 359 1824 diui
327 1871 360 1988 sub
328 2035 360 2288 numine
329 2332 352 2558 nomen

264 907 296 1199 laudetur
258 1243 298 1457 uigeat
259 1499 300 1747 placeat
259 1792 299 2116 relegatur
269 2159 298 2422 ametur-

1165 2895 1199 3243 cruciataque
1165 3278 1196 3506 pectora
1171 3539 1199 3744 frustra

1111 2867 1115 2873 ,
1114 2895 1141 2953 id
1114 2989 1140 3221 cinerem
1113 3258 1141 3401 fex-ut
1113 3435 1139 3574 hora
1112 3612 1139 3788 frusta.

867 2898 894 3095 sentiet
861 3129 894 3422 applicitus
866 3456 894 3676 turbata
867 3709 894 3888 sibilla
859 3919 886 4158 uapores

809 2899 833 2955 et
809 2985 836 3166 iurata.
809 3197 836 3337 mori
808 3369 828 3471 nee
801 3506 835 3724 cingula
807 3753 835 3951 reddat
806 3983 827 4207 amazon

750 2901 777 2958 di
750 2988 778 3208 meliora
749 3243 777 3370 date
749 3405 768 3472 ac
748 3507 768 3677 sensu
748 3700 772 3956 reuocate
742 3980 772 4264 parentem

684 2899 711 3036 paee
692 3070 718 3174 uiri
691 3205 718 3372 liceat
690 3406 718 3546 tanti
690 3593 709 3694 nee
689 3729 716 4007 commoda
682 4042 716 4263 linguae

632 2899 660 3083 diuitis
632 3115 659 3381 intereant
625 3414 651 3516 per
625 3551 650 3712 quam
630 3745 650 3970 roma-na
629 4015 657 4264 iuuentus

572 2900 595 3176 aeternum
572 3205 601 3404 florere
566 3438 596 3622 potest
572 3653 592 3842 uerum
571 3912 578 3925 -
