3142 4922
781 494 821 552 76

339 667 367 716 et
385 659 474 716 lectur
491 663 555 730 poet
573 657 630 714 lata
648 673 748 714 nocens
767 659 841 728 quod
859 659 976 714 iusserat
992 661 1047 730 ille,

340 766 374 820 sit
393 764 511 820 uetuisse
528 777 629 818 meum:
649 775 725 818 sacer
744 771 786 816 est
803 769 867 831 post
885 769 1009 831 tempora
1027 764 1108 818 nitae.

339 867 421 922 immo
440 867 475 922 sit
492 873 618 920 aeternus
636 869 695 920 tota
711 870 857 919 resonante
876 865 993 920 Camena

340 985 449 1026 carmen
467 976 496 1023 et
512 970 541 1024 in
558 968 661 1038 populo
678 967 735 1023 diui
753 969 803 1022 sub
822 967 930 1024 nomine
949 984 1049 1022 numen

336 1072 464 1127 laudetur
482 1073 574 1141 uigeat
590 1071 698 1140 placeat
715 1072 855 1141 relegatur
874 1073 993 1127 ametur!

235 1282 314 1330 terna
330 1280 494 1330 resonantae
512 1275 648 1342 (resonate
670 1274 705 1343 0)
724 1291 834 1330 camena
852 1277 911 1329 PU
927 1277 939 1343 ll
958 1279 1140 1346 immittent
1158 1275 1217 1328 PU
1235 1277 1238 1342 1
1259 1274 1370 1329 nomine

238 1382 337 1423 numen
354 1369 466 1436 scripsi:
485 1367 593 1422 numine
617 1383 715 1421 nomen
736 1370 758 1420 B
778 1369 789 1435 11
811 1371 845 1424 46
869 1370 961 1438 uigeat
982 1369 1091 1438 placeat
1107 1371 1131 1421 Β
1138 1388 1144 1422 :
1167 1369 1276 1437 placeat
1293 1368 1371 1422 uiuat

236 1461 260 1514 Ρ
274 1460 305 1514 U.

678 1631 682 1638 ’
778 1667 903 1758 11,

322 1822 428 1888 Parna
450 1824 504 1888 illa
534 1841 614 1905 quae
636 1841 717 1888 nuno
740 1823 920 1905 anthologia
949 1825 1049 1888 latina
1078 1824 1278 1888 continentur
1300 1819 1385 1888 oar-‘

237 1934 322 1998 mina
343 1936 423 1999 miro
454 1953 549 2016 saepe
579 1953 652 2000 casu
681 1934 720 1998 ad
757 1953 813 1998 nos
848 1941 1070 2016 peruenerunt.
1117 1934 1216 1997 ueluti
1245 1933 1368 1998 librarii

236 2049 308 2125 post
331 2045 457 2109 maioris
478 2046 613 2110 ambitus
636 2062 744 2126 opera,
769 2046 859 2126 siqua
880 2044 996 2126 pagina
1020 2046 1195 2127 paginaeue
1217 2062 1291 2124 pars
1313 2063 1369 2108 ua·

236 2171 295 2218 cua
317 2160 394 2233 erat,
418 2160 483 2218 tum
505 2155 589 2219 baud
613 2173 685 2219 raro
708 2156 878 2220 uersiculos
901 2156 971 2220 illos
993 2161 1029 2219 ut
1045 2155 1207 2236 explerent
1231 2155 1367 2235 spatium

236 2264 269 2328 in·
299 2280 388 2328 usum
421 2263 584 2328 uocabant.
637 2265 802 2327 admodum
834 2270 938 2329 autem
971 2264 1135 2346 probabile
1164 2270 1212 2328 est
1249 2263 1368 2328 saeculi
1420 2337 1425 2349 Α

236 2373 345 2439 decimi
368 2373 470 2455 quinti
493 2374 599 2438 doctos
621 2373 719 2440 italos
742 2375 795 2456 qui
812 2374 901 2439 libris
925 2392 995 2438 mss,
1017 2392 1077 2439 non
1093 2373 1203 2456 paucis
1226 2373 1275 2438 usi
1295 2379 1368 2438 sunt

234 2502 316 2550 nuno
336 2479 509 2564 deperditis
533 2484 684 2549 eiusmodi
708 2486 866 2566 poematia
889 2485 987 2549 multa
1005 2485 1162 2566 reperisse
1179 2489 1368 2566 repertaque

235 2595 444 2677 descripsisse.
489 2593 553 2658 tale
570 2599 617 2659 est
633 2595 716 2677 quod
731 2613 788 2676 ego
803 2595 971 2677 aliquando
988 2596 1019 2660 in
1038 2594 1144 2660 codice
1161 2593 1368 2658 Riccardiano

235 2709 318 2770 2939
340 2723 419 2770 saec.
442 2703 499 2769 XV
521 2704 656 2785 plurima
678 2705 829 2774 Italorum
851 2706 918 2770 eius
940 2706 1011 2769 aeui
1037 2711 1201 2786 poetarum
1225 2704 1368 2768 carmina
1462 2709 1465 2714 ⁴
1542 2681 1564 2688 ’ἵ

235 2814 406 2879 continenti
430 2815 639 2897 deprehendi:

609 3036 757 3101 Incerti
787 3027 1009 3100 auctoris:'

373 3185 499 3242 Baiarum
517 3185 580 3242 dum
596 3186 668 3242 forte
686 3187 762 3256 capit
778 3188 829 3242 sub
846 3186 975 3241 mollibus
993 3187 1095 3241 umbris

440 3279 530 3335 faesus
550 3280 634 3334 Amor
651 3295 771 3334 somnum
790 3295 924 3340 murmure
942 3285 1038 3348 captus
1056 3295 1152 3349 aquae,

372 3373 433 3440 ipsa
449 3370 537 3428 facem
555 3386 701 3426 accurrens
719 3373 811 3441 gelida
829 3372 930 3427 celauit
948 3373 976 3427 in
994 3373 1075 3441 unda,

441 3472 471 3520 ut
488 3472 594 3521 ueteres
612 3463 734 3521 flammas
752 3465 881 3535 uindicet,
899 3465 971 3520 alma
990 3465 1092 3520 Uenus.

372 3575 453 3628 quam
473 3558 588 3628 primum
606 3558 696 3627 liquor
714 3558 761 3614 ille
779 3563 906 3613 aeternos
926 3558 1045 3627 concipit
1063 3560 1150 3629 ignea,
1350 3566 1366 3616 d

439 3653 503 3722 igne
520 3668 591 3706 nouo
611 3652 745 3721 (quisnam
764 3651 920 3720 crederetl)
940 3651 1009 3705 arsit
1027 3667 1106 3722 aqua.

371 3744 559 3800 flammicomis
575 3745 660 3814 igitur
675 3743 781 3800 fumant
797 3744 866 3798 haec
884 3743 982 3798 balnea
1001 3744 1127 3816 lymphir‚

440 3836 514 3905 quod
533 3836 621 3892 facula
639 3854 694 3894 una
712 3853 804 3892 omnen
824 3837 910 3892 uincit
931 3836 1041 3891 Amoris
1061 3853 1155 3907 aquae.

233 3967 350 4048 legitur
372 3987 401 4032 u.
429 3972 447 4032 3
472 3969 632 4034 ‘accurres'
657 3961 690 4034 et'
709 3988 738 4032 u.
763 3973 780 4032 6
806 3968 895 4033 ‘arsit
915 3968 1033 4049 aquas'.
1058 4007 1099 4016 —
1122 3989 1197 4035 uere
1220 3971 1366 4052 antiquos

234 4095 302 4142 ease
323 4077 379 4142 bos
400 4097 508 4142 uersus
530 4097 598 4143 cum
622 4098 672 4145 res
695 4080 763 4160 ipsa
775 4079 898 4157 clamat,
924 4084 989 4142 tum
1007 4079 1097 4145 docet
1119 4081 1283 4161 inscriptio
1309 4081 1365 4145 ‘in-

234 4188 310 4252 certi
335 4188 480 4252 auctoris'
512 4189 597 4271 (nam
627 4188 816 4254 carminibus
845 4189 976 4253 nouiciis
1004 4207 1079 4253 suus
1103 4207 1226 4271 semper
1257 4195 1366 4256 auctor
1433 4230 1436 4236 ·

239 4296 415 4378 adscriptus
436 4297 495 4382 est)
518 4304 548 4364 et
572 4298 603 4364 id
627 4299 710 4380 quod
724 4298 866 4380 sequitur
887 4315 1011 4364 carmen
1036 4299 1144 4366 itidem
1168 4300 1293 4366 ‘Incerti
1313 4319 1366 4366 au-
