3142 4922
788 473 828 530 ed

240 641 357 706 Oarion
381 641 540 723 proximus
561 640 682 720 fulgeat
696 638 884 722 Hydrochoi,
911 639 941 702 id
966 643 1022 718 est,
1045 643 1110 702 tum
1127 637 1231 701 sidera
1254 653 1379 718 eorum-

240 769 301 832 que
329 758 432 818 motus
463 750 542 816 nihil
579 752 704 815 omnino
736 768 819 814 curo.
849 786 891 796 -
920 767 977 831 pro
1016 748 1156 812 ‘utinam’
1185 745 1215 810 0
1245 746 1380 838 praebet

242 860 359 926 ‘utina’.
405 861 484 940 fuit,
513 863 544 925 ni
573 860 682 939 failor,
710 861 740 924 in
772 858 814 923 V:
848 859 950 940 ‘atie'3
975 858 1058 923 undo
1083 857 1227 922 emendo:
1252 861 1289 922 ut
1311 856 1378 920 iam

239 989 327 1036 coma
350 973 441 1052 regia
460 969 542 1050 fiam,
567 971 737 1053 proximus'
762 987 824 1051 eqs.
847 1007 887 1016 -
912 967 1066 1049 ‘fulgeret’
1091 973 1138 1031 est
1163 967 1330 1065 ‘fulgu-ret.

324 1080 457 1147 LXVIII
481 1086 615 1162 27sqq.:

395 1230 480 1283 quare
500 1214 574 1283 quod
594 1214 692 1268 scribis
713 1213 838 1269 Ueronae
856 1223 937 1282 turpe
959 1211 1064 1266 Catullo

460 1321 530 1373 esse,
550 1306 624 1374 quod
642 1308 686 1360 bic
704 1307 826 1376 quisquis
846 1307 879 1360 de
897 1306 1008 1360 meliore
1026 1311 1092 1359 nuta

392 1399 495 1468 trigida
508 1400 615 1456 deserto
635 1399 782 1468 tepefactet
799 1400 920 1454 membra
938 1397 1028 1452 cubili.

240 1520 396 1584 intellexit
425 1517 640 1584 Lachmannus
676 1519 796 1602 [eornm.
828 1519 951 1584 buoret.
982 1515 1059 1601 287]
1098 1535 1154 1599 per
1185 1515 1377 1580 latinitatem

240 1649 299 1695 non
321 1629 492 1711 ‘quisquis',
517 1631 570 1694 sed
598 1629 720 1710 ‘quiuis'
739 1629 903 1694 dicendum
919 1627 1024 1692 fuisse.
1065 1627 1146 1692 eddo
1163 1644 1263 1707 neque
1280 1627 1376 1707 ‘quis-

241 1738 319 1821 quis'
336 1758 437 1822 neque
452 1740 575 1821 ‘quiuis’
591 1743 623 1805 in
638 1741 697 1806 loci
710 1739 1070 1820 sententiamquadrare.
1094 1738 1169 1818 quid
1185 1738 1288 1802 enim?
1302 1755 1378 1801 num

240 1868 346 1914 omnes
370 1851 429 1914 loci
460 1870 521 1916 non
551 1850 647 1916 iufimi
670 1850 810 1916 homines
834 1855 899 1914 tum
923 1851 1073 1931 temporis
1097 1849 1242 1914 Ueronae
1263 1853 1298 1911 ut
1320 1849 1376 1911 ab·

241 1960 394 2025 stinerent
412 1961 569 2027 amoribus
586 1963 712 2027 decuit?
734 1966 810 2044 puto
834 1962 866 2025 id
890 1959 1024 2025 caelibes
1042 1965 1173 2040 tentum,
1197 1947 1264 2024 non
1280 1960 1376 2024 etiam

239 2072 369 2135 maritos
391 2072 541 2136 decuisse.
586 2090 647 2135 non
672 2072 800 2136 dubium
832 2073 931 2152 igitur
953 2070 1029 2135 mibi
1052 2068 1100 2134 est
1120 2072 1195 2152 quin
1219 2072 1376 2152 corrigen-

239 2182 312 2245 dnnr
335 2182 377 2245 sit
398 2182 491 2262 ‘quod
514 2181 564 2246 hic
584 2181 705 2246 uiduus
728 2182 767 2246 de
789 2183 920 2246 meliore
941 2181 1036 2246 nota'.

325 2292 401 2356 ibid.
426 2296 557 2372 blsqq.:

394 2435 481 2503 qualis
498 2434 527 2487 in
546 2433 620 2488 aerei
638 2433 781 2502 perlucens
802 2435 905 2514 uertioe
924 2433 1024 2488 montis

478 2529 555 2582 riuus
574 2543 700 2583 muscoso
718 2527 827 2597 prosilit
845 2543 860 2580 e
878 2527 978 2608 lapide',

407 2620 461 2690 qui,
483 2637 541 2675 unm
561 2621 595 2676 de
612 2637 701 2691 prona
718 2637 851 2691 praeceps
871 2626 914 2675 est
931 2619 1003 2673 ualle
1021 2620 1140 2688 uolutus,

478 2731 528 2784 per
545 2715 662 2769 medIum
681 2716 758 2769 densi
775 2717 875 2769 transit
892 2715 945 2770 iter
962 2712 1066 2782 populi.

241 2845 367 2925 egregie
389 2845 427 2910 de
449 2864 543 2909 uersu
572 2847 681 2910 ultimo
706 2847 881 2927 disputarit
910 2844 952 2908 M.
977 2843 1133 2925 Hauptius
1158 2843 1289 2926 [quaest.
1315 2842 1376 2907 (la-

243 2955 310 3020 tull,
339 2975 368 3038 p.
393 2955 534 3038 87sqq.].
580 2958 633 3036 qui
666 2957 748 3037 quod
778 2975 835 3039 pro
868 2956 975 3020 ‘densi'
999 2956 1140 3036 reposuit
1170 2954 1314 3034 sensim,
1344 2956 1377 3018 id

239 3072 325 3130 recte
348 3084 367 3130 a
389 3067 577 3148 nuperrimis
598 3067 770 3131 editoribus
793 3072 952 3147 receptum
975 3072 1031 3129 est.
1078 3065 1160 3129 idern
1181 3069 1285 3129 tamen
1310 3084 1372 3130 non

240 3176 369 3255 agnouit
385 3176 479 3240 etiarn
492 3176 569 3241 illud
589 3181 653 3259 ‘per
663 3177 809 3242 medium’
823 3195 891 3241 esse
902 3177 1092 3256 mendosum.
1110 3175 1299 3257 nequeenim
1313 3177 1376 3242 ullo

240 3291 333 3367 puoto
356 3287 444 3351 ribus
465 3288 526 3352 iter
547 3287 705 3369 publicum
737 3289 872 3353 medium
906 3288 1041 3352 secuisse
1075 3290 1160 3370 (narn
1191 3286 1284 3350 aliam
1312 3305 1375 3352 non

239 3397 332 3461 uideo
353 3415 461 3461 sanam
477 3398 626 3478 uolgatae
646 3400 821 3480 scripturae
836 3398 1151 3480 interpretationem),
1176 3399 1230 3461 sed
1253 3402 1375 3462 tantum

239 3509 328 3574 iuxta
362 3508 439 3573 illud
482 3488 577 3573 lente
607 3509 712 3591 lapsus
752 3511 858 3592 itaque
892 3508 1066 3574 uiatoribus
1110 3507 1200 3573 fessis
1231 3509 1375 3574 leuamen

239 3618 422 3700 praebuisse
445 3619 505 3684 dici
529 3624 642 3700 potest.
687 3620 763 3702 quid
794 3621 954 3702 scripserit
978 3619 1119 3685 Catullus
1150 3621 1263 3685 iterum
1287 3638 1376 3686 aecu-

183 3793 185 3800 ,
239 3733 310 3792 rata
329 3729 523 3808 singularum
546 3730 737 3796 locutionum
766 3750 803 3794 ex
828 3733 985 3796 contrario
1008 3731 1066 3795 sibi
1091 3731 1281 3795 obstantium
1305 3750 1375 3796 con-

168 3927 171 3932 ·
239 3839 403 3921 temptatio
426 3841 586 3905 indicabit.
633 3843 779 3906 nimirum
799 3848 835 3907 ut
855 3842 978 3906 ‘sensim
997 3841 1120 3906 transit’
1144 3842 1189 3906 illi
1215 3845 1374 3922 ‘praeceps

241 3951 366 4015 uolutus
389 3951 445 4015 est’
469 3952 652 4034 respondet,
684 3954 730 4016 ita
758 3954 790 4016 in
814 3956 962 4034 corrupta
995 3970 1072 4016 uoce
1097 3939 1250 4016 ‘medium’
1275 3952 1376 4017 latere

240 4065 365 4143 oportet
394 4063 476 4142 quod
508 4062 553 4126 illi
586 4066 693 4146 ‘prona
727 4069 765 4128 de
788 4064 880 4129 ualle’
904 4063 1081 4146 oppositum
1103 4064 1153 4127 sit.
1198 4063 1285 4143 leges
1309 4068 1374 4146 ‘per

241 4191 390 4258 campum
410 4173 524 4237 sensim
547 4175 661 4238 transit
689 4174 750 4239 iter
772 4175 909 4257 populi’;
932 4172 969 4239 cf.
995 4173 1154 4256 Uergilius
1177 4172 1303 4258 [Georg.
1327 4173 1375 4239 III
