3142 4922
757 389 796 446 77

211 557 298 620 toris.
345 555 390 619 Ad
418 553 558 618 Puellam
582 553 621 618 de
643 553 738 631 niue,
761 554 844 634 quod
875 555 905 619 111
932 554 1026 618 Antb.
1056 555 1110 619 lat.
1136 559 1197 618 706
1218 554 1342 636 legitur.

212 661 252 715 '-
275 668 306 730 111
345 667 454 730 eodem
488 663 693 728 Riccardiauo
720 671 791 746 pust
824 661 981 727 Martialis
1012 665 1165 746 quaedam
1205 665 1345 729 carmina

211 775 270 862 [XI
296 775 348 859 18]
371 776 505 840 ‘donasti
527 774 616 855 Lupe
638 785 691 837 rus
713 773 771 838 sub
795 773 869 838 orbe
900 773 999 838 nobis’
1019 771 1112 857 [VIII
1135 773 1189 858 21]
1214 775 1262 838 ‘ad
1287 773 1343 840 Ce-

211 905 312 952 saram
335 888 564 950 Domitiauum:
595 886 621 948 si
649 885 724 965 quid
755 884 837 948 forte
868 884 993 965 petam',
1019 883 1343 968 [unumunurm

212 1015 309 1079 quare
331 995 529 1078 locupletem’
551 995 582 1058 bi
605 995 810 1062 inueniuntur
832 995 994 1058 uersiculi:

677 1267 884 1332 Lucretia.

349 1441 446 1511 Dicite,
466 1458 527 1498 cum
545 1443 642 1498 melius
661 1443 759 1498 cadere
778 1451 840 1499 ante
860 1443 988 1498 LucretIa
1004 1447 1107 1511 posset,

421 1551 468 1590 cur
487 1537 578 1605 potius
594 1542 660 1608 post
677 1536 732 1591 uim
749 1535 844 1590 maluit
861 1535 909 1589 illa
924 1536 1014 1590 mori?

351 1630 464 1684 crimine
481 1644 510 1682 se
527 1628 648 1683 absoluit
664 1645 759 1684 manus
777 1629 825 1684 1111
843 1629 973 1684 habitura
992 1635 1102 1684 coactae

418 1721 535 1776 ultorem
553 1728 581 1776 et
597 1722 703 1790 patriae
721 1722 880 1790 depositura
898 1722 999 1790 Iugum.

348 1830 429 1884 quarn
448 1815 518 1869 bene
535 1820 690 1884 contempto
708 1815 811 1870 lacerat
827 1830 878 1869 sua
894 1823 1008 1884 pectora
1025 1813 1108 1883 ferro,
1326 1819 1343 1871 b

420 1908 484 1963 dum
501 1907 605 1976 pariter
622 1906 711 1962 famae
728 1907 843 1962 consulit
860 1915 887 1963 et
904 1908 1023 1976 patriae!

212 2084 241 2129 u.
266 2069 286 2128 4
309 2063 483 2128 ‘uultorem’
514 2069 547 2126 et
566 2082 594 2127 u.
619 2068 637 2126 5
661 2067 848 2145 ‘contempto
875 2082 965 2128 sacra
986 2064 1053 2128 sua’
1074 2065 1224 2146 scriptum
1247 2069 1343 2128 extat.

213 2175 324 2238 -his
353 2175 474 2239 duobus
500 2174 660 2239 anecdotis
690 2174 824 2239 adiciam
855 2175 999 2255 tertium,
1031 2176 1114 2257 quod
1144 2180 1252 2256 utpote
1275 2175 1343 2238 uni·

211 2305 280 2352 cum
309 2287 506 2350 celeusmatis
535 2285 657 2367 antiqui
686 2285 861 2366 exemplum
892 2286 1068 2366 cognitione
1108 2285 1274 2350 admodum
1297 2285 1344 2349 di-

184 2433 187 2444 ·
213 2414 308 2479 gnum
331 2403 389 2461 est.
436 2413 474 2458 ex
505 2397 612 2460 codice
634 2394 825 2459 Sautemano
847 2412 975 2476 gramm.
1006 2395 1061 2460 lat.
1093 2413 1173 2461 saec.
1198 2395 1273 2460 VIII
1294 2396 1344 2460 uel

214 2506 302 2572 VHll
325 2505 409 2588 [mss.
431 2505 516 2569 Dian.
540 2504 575 2568 B.
601 2504 655 2588 66]
683 2521 754 2586 pag.
780 2506 841 2568 279
862 2505 1039 2587 (praecedit
1067 2522 1159 2587 pagg.
1183 2509 1256 2585 277,
1281 2509 1344 2569 276

213 2616 397 2683 Columbani
427 2616 466 2679 ad
498 2614 653 2680 Fidolium
685 2613 833 2696 epletula)
855 2614 1046 2696 descriptum
1067 2620 1100 2680 et
1122 2615 1204 2679 inter
1228 2614 1344 2679 descri-

213 2727 350 2792 bendum
382 2726 432 2790 bic
465 2726 530 2790 illic
566 2731 738 2790 correctum
774 2723 943 2805 aliquando
975 2724 1051 2789 mihi
1078 2724 1158 2789 douo
1191 2724 1278 2789 misit
1308 2722 1343 2787 L.

212 2836 393 2904 Muellerus.
1291 2835 1296 2839 ’

349 3003 428 3071 Η111,
448 3003 509 3072 uiri,
521 3008 649 3058 nostmm
666 3002 784 3059 reboans
802 3005 870 3059 echo
889 3011 967 3060 sonet
983 3003 1063 3058 heia!

418 3096 521 3151 arbiter
539 3095 617 3150 effusi
634 3094 689 3151 late
706 3097 790 3151 marie
808 3111 856 3152 ore
877 3111 975 3152 sereno

417 3189 555 3258 placatum
574 3188 672 3244 strauit
686 3189 803 3258 pelagus
819 3189 964 3258 posuitque
982 3187 1128 3259 procellam

416 3280 581 3349 edomitique
598 3296 670 3350 uago
689 3283 818 3337 sederunt
836 3281 959 3351 pondere
978 3281 1085 3336 fluctus.

349 3375 420 3443 heia,
439 3373 500 3442 uiri,
517 3379 640 3429 nostrum
657 3374 775 3431 reboans
793 3376 862 3430 echo
879 3381 958 3431 sonet
976 3374 1052 3430 heial

417 3467 514 3522 annisu
531 3467 612 3535 parili
629 3472 727 3522 tremat
743 3469 843 3524 ictibus
861 3474 924 3524 acta
942 3467 1043 3523 carina.

417 3576 490 3614 nune
508 3560 586 3616 dabit
604 3561 728 3616 arridens
748 3561 848 3630 pelago
866 3561 1016 3617 concordia
1035 3558 1103 3614 caeli

418 3659 559 3708 uentorum
577 3660 651 3708 motu
668 3653 832 3724 praegnanti
850 3670 960 3711 currere
977 3653 1047 3710 uelo.

350 3745 421 3815 heia,
439 3746 501 3814 uiri,
519 3753 642 3801 nostrum
659 3747 776 3802 reboans
792 3748 861 3802 echo
881 3755 959 3802 sonet
976 3746 1054 3802 helal

419 3853 539 3907 aequora
555 3854 639 3906 prora
657 3845 730 3895 secet
749 3839 857 3896 delfinis
875 3840 983 3895 11111111
1000 3839 1071 3894 saltu

419 3937 502 4002 atque
519 3939 610 4001 gemat
626 3932 731 4001 largum
748 3942 856 4002 promat
872 3948 986 4002 seseque
1003 3932 1124 4000 lacertis,

418 4041 489 4096 pone
508 4027 619 4080 malaeus
637 4040 733 4080 canum
751 4027 867 4083 deducat
885 4032 911 4081 et
929 4027 1020 4082 orbita
1036 4026 1147 4081 sulcum.

349 4122 419 4188 heia,
438 4120 500 4188 uiri,
518 4125 643 4175 nostrum
659 4119 776 4175 reboans
795 4120 863 4176 echo
882 4127 962 4176 sonet
977 4122 1053 4176 heia!

421 4229 540 4281 aequore
557 4213 605 4268 flet
624 4214 724 4277 Corus:
744 4217 894 4268 uocttamoa
912 4228 962 4270 nos
981 4222 1071 4270 tamen
1089 4211 1161 4267 heia.
