3142 4922
770 485 791 544 4

215 655 255 719 ad
284 671 394 719 uerum
423 651 582 736 perueniri
611 651 726 735 possit,
757 670 827 718 earn
856 649 1068 732 ingrediamur
1099 651 1223 731 oportet
1253 653 1290 712 ut
1311 666 1349 712 ex

216 765 314 846 ipsius
343 769 457 846 poetae
486 763 687 828 carminibus·
700 762 961 844 interpretatione
994 779 1087 842 quam
1115 759 1349 824 accuratissima

215 892 361 940 eruamus
383 880 500 938 certem
523 873 563 938 de
585 873 718 938 Lesbiae
739 871 920 937 condicione
940 870 1078 936 moribus
1099 869 1223 950 ingenio
1247 868 1348 949 deque

216 986 331 1050 amoris
361 985 414 1066 qui
442 985 524 1048 inter·
552 1001 622 1048 eam
652 988 684 1048 et
706 981 864 1047 Catullum
887 987 957 1046 erat
978 979 1246 1046 uicissitudinibus
1268 979 1371 1043 noti-v

214 1096 300 1160 tiam.
345 1098 412 1159 tum
435 1093 559 1158 demum
581 1093 756 1175 disquirere
777 1092 884 1158 licebit
905 1108 979 1155 num
997 1089 1194 1156 Catullianae
1215 1089 1348 1155 Lesbiae

216 1205 346 1287 imagini
369 1204 537 1269 conueniat
555 1187 636 1269 'eum
659 1220 798 1285 eaquae
820 1204 860 1268 de
882 1201 992 1267 Clodia
1014 1201 1241 1282 quadrantaria
1259 1198 1348 1264 nobis

217 1314 338 1380 tradita
358 1318 414 1380 est.

303 1424 370 1489 lam
387 1428 423 1488 ut
445 1428 531 1490 certo
552 1423 723 1506 disputatio
739 1428 847 1490 nostra
860 1421 1063 1487 fundamento
1081 1420 1245 1503 innitatur,
1271 1439 1346 1486 enu-

215 1535 368 1600 meranda
382 1539 457 1598 sunt
472 1551 553 1615 quae
575 1535 615 1599 ad
632 1534 776 1600 Lesbiam
796 1534 978 1616 pertineant
992 1531 1138 1598 earmina.
1183 1532 1272 1597 culus
1292 1549 1346 1595 no·
1433 1583 1438 1592 .

214 1661 286 1710 men
302 1661 379 1727 prae
394 1661 428 1708 se
443 1643 548 1709 lerunt
563 1662 588 1709 c.
602 1643 641 1710 V.
661 1645 729 1710 VII.
746 1643 857 1710 XLIII.
874 1643 924 1707 LI.
937 1641 1049 1707 LVIII.
1065 1641 1190 1707 LXXII.
1208 1641 1345 1707 LXXIX.

83 1737 99 1763 ⁸
214 1753 385 1820 nxnxru.
415 1753 590 1819 Lxxxvn
611 1759 643 1819 er
665 1753 787 1819 axau.
818 1750 913 1818 rou.
947 1750 1041 1818 cun.
1084 1771 1179 1835 porro
1205 1752 1246 1818 ao
1273 1751 1349 1817 ues-

215 1863 299 1930 biam
319 1869 404 1930 certe
426 1861 594 1929 referenda
615 1870 705 1944 sunt,
732 1863 806 1930 licet
833 1864 906 1952 eius·
924 1879 1036 1931 nomen
1059 1881 1121 1927 non
1144 1865 1344 1944 contineant,

215 1993 239 2040 e.
262 1974 295 2040 II
316 1980 347 2040 et
367 1973 414 2038 111
437 1973 489 2058 [ef.
511 1973 667 2040 Martialis
687 1974 747 2039 VII
765 1979 806 2039 14
821 1978 853 2038 et
866 1973 939 2038 XIV
965 1972 1037 2056 77];
1063 1971 1137 2037 VIII
1151 1979 1183 2038 et
1197 1971 1346 2038 XXXVII

214 2084 266 2170 [el.
290 2083 393 2149 LVIII
423 2088 441 2148 3
472 2089 504 2148 et
525 2082 700 2150 LXXXVH
733 2083 781 2167 l]‚
814 2083 900 2148 LXX
930 2081 983 2167 [cl.
1004 2082 1132 2166 LXXII]
1163 2089 1195 2148 et
1216 2083 1347 2149 LXXVI

215 2194 267 2279 [oi.
290 2212 320 2258 u.
347 2194 409 2278 13].
434 2211 475 2241 ’-
495 2193 558 2259 alia
579 2195 738 2276 poematia
770 2212 843 2259 num
872 2193 912 2258 ad
934 2193 1079 2258 Lesbiam
1098 2194 1279 2276 pertineant
1300 2194 1348 2259 in-

215 2304 266 2371 fra
281 2304 465 2386 uidebimus
490 2322 572 2369 nunc
586 2303 645 2371 boc
667 2313 762 2370 unum
780 2304 904 2384 addam,
928 2305 1063 2370 carmine
1079 2303 1265 2387 LXVIHb*)
1287 2322 1349 2370 non

213 2432 306 2497 posse
329 2414 423 2479 aliam
445 2414 606 2481 mulierem
634 2415 786 2481 celebrari
818 2431 912 2496 quem
934 2413 1088 2479 Lesbiam.
1133 2414 1215 2497 quod
1238 2434 1258 2481 a
1278 2433 1348 2480 sen·

215 2525 335 2591 tentiae
363 2522 587 2590 Schwabianae
621 2525 891 2608 impugnatoribus
925 2501 1017 2588 ulmis
1056 2525 1168 2606 cupide
1201 2532 1349 2608 negatum

217 2640 273 2716 est,
295 2653 365 2701 cum
387 2635 607 2716 intellegerent
631 2636 677 2700 illi
707 2634 827 2701 abhoc
849 2635 987 2700 camina
1006 2634 1143 2716 pendere
1166 2654 1287 2702 omnem
1309 2637 1349 2702 de

214 2743 347 2809 Lesbiae
368 2763 503 2827 persona
526 2744 780 2828 disputationem.
825 2745 902 2828 quid
924 2745 1029 2809 enlm?
1051 2762 1121 2810 oum
1137 2745 1288 2825 Catullus,
1314 2751 1350 2812 ut

215 2858 285 2920 erat
311 2853 403 2920 homo
426 2856 565 2920 siucerus
595 2855 740 2938 idemque
768 2855 903 2936 calidus,
939 2873 1152 2937 quaecumque
1174 2856 1204 2921 ei
1228 2855 1349 2922 aecide-

215 2971 290 3030 runt
311 2965 380 3030 siue
401 2964 485 3030 mala
512 2965 700 3045 sinatque,
730 2984 768 3031 aa
790 2966 933 3031 uersibus
956 2967 1161 3048 exprimeret,
1195 2965 1290 3048 plane
1313 2971 1350 3030 ut

216 3075 256 3140 de
275 3092 312 3140 eo
328 3076 431 3140 dicere
448 3074 542 3139 liceat
555 3076 640 3156 quod
655 3075 695 3140 de
711 3075 831 3142 Lucilio
845 3075 995 3142 Horatius
1011 3075 1083 3160 [sat.
1099 3076 1131 3142 11
1150 3081 1177 3158 1,
1196 3075 1347 3160 30sqq.]:

379 3224 426 3280 ille
443 3224 520 3280 uelut
536 3223 598 3281 fidis
618 3240 722 3280 arcana
739 3225 878 3284 sodalibus
897 3227 962 3283 olim

381 3317 510 3374 eradebat
529 3317 617 3389 libris,
634 3333 724 3388 neque
742 3319 766 3374 si
782 3321 853 3376 male
872 3325 995 3377 cesserat
1011 3334 1127 3388 usquam

382 3411 530 3467 decurrens
549 3411 602 3467 alto
620 3426 709 3480 neque
729 3412 855 3482 sibene3
876 3429 930 3484 quo
947 3412 979 3470 fit
995 3418 1026 3467 ut
1046 3413 1132 3468 omnis

281 3652 307 3718 *l
324 3666 470 3720 numquam
496 3651 625 3722 perspexi
650 3652 785 3720 quomodo
811 3653 1014 3708 Lachmannum
1042 3655 1128 3708 secuti
1152 3651 1290 3720 Hauptius
1320 3655 1350 3706 et

213 3744 245 3798 L.
254 3743 404 3800 Muellerus
412 3759 435 3799 c.
444 3744 562 3799 LXVIII
570 3744 859 3814 nnumindiuisumque
868 3745 970 3802 habere
978 3745 1125 3816 potuerint,
1135 3744 1350 3801 cumomniacla·

212 3842 286 3891 ment
302 3837 355 3892 duo
374 3852 435 3894 esse
455 3836 574 3893 carmide
591 3837 673 3906 plane
692 3838 809 3894 diuersa.
844 3840 908 3896 nolo
925 3839 971 3894 hic
988 3854 1087 3895 causas
1104 3839 1206 3894 totiens
1224 3838 1348 3906 prolatas

211 3929 328 3984 necdum
351 3929 484 3986 refutatas
509 3937 651 4000 repetere,
676 3931 731 3986 hoo
756 3931 888 3988 adiecisse
913 3941 1071 4001 contentus,
1098 3947 1159 3987 cum
1183 3936 1225 3986 ter
1243 3929 1349 3984 codices

214 4021 293 4088 quasi
311 4022 416 4078 intento
435 4023 521 4092 digito
534 4022 718 4078 demonstrent
735 4025 767 4093 ei,
786 4025 820 4080 ad
839 4041 918 4094 quem
937 4025 1205 4081 eLXVIIIbdatum
1224 4022 1268 4091 sit,
1285 4021 1351 4076 Allii

213 4111 301 4170 uisse
319 4127 432 4183 nomen,
460 4115 540 4170 etiam
559 4120 655 4184 quarto
676 4116 737 4173 loco
757 4117 794 4188 [n.
813 4119 857 4190 66]
873 4118 972 4173 librum
991 4117 1109 4172 omnium
1127 4117 1258 4186 optimum
1277 4115 1348 4169 Oxo·

212 4208 331 4261 niensem
351 4207 459 4262 ‘Allius’
483 4208 630 4277 praebere,
654 4225 709 4264 non
731 4207 806 4278 'quod
824 4211 1064 4280 sangermanensis
1091 4211 1206 4279 eiusque
1227 4207 1365 4266 asseclae'

212 4297 332 4368 uadunt,
351 4299 496 4356 ‘Me-ullust
