3142 4922
748 485 787 544 13

147 739 151 744 Ι
200 653 298 718 uitam
318 651 441 716 tristem
464 654 572 715 actura
595 649 767 716 uideretur.
812 651 959 717 nimirum
980 669 1115 733 quanam
1139 652 1178 717 de
1199 671 1335 720 causaa

200 762 313 827 Lesbia
336 763 478 826 desertus
509 761 550 825 sit
580 759 721 826 Catullus
749 762 851 828 adhuc
871 763 996 828 nesciit:
1027 762 1127 827 cuiuis
1161 769 1265 829 autem
1289 764 1335 828 nei

202 889 295 952 quam
318 873 444 954 puellae
465 869 617 952 perfidiae
640 872 818 938 adscribere
844 873 945 938 uoluit
968 872 1141 938 discidium.
1166 908 1208 920 -
1228 875 1336 956 itaque

200 999 270 1046 meo
291 982 367 1046 mihi
391 983 460 1046 inre
483 999 608 1046 carmen
631 987 776 1048 octauum
806 985 947 1066 proximo
976 986 1047 1065 post
1069 987 1182 1065 poetae
1204 985 1334 1056 Romam

200 1091 337 1162 reditum
359 1093 492 1175 tempori
516 1092 690 1158 attribuere
711 1093 829 1158 uidcor.
875 1100 1012 1159 ceterum
1034 1095 1080 1160 ita
1101 1095 1273 1160 rectissime
1294 1095 1334 1160 de

199 1201 255 1267 illo
276 1202 430 1268 iudicauit
460 1202 618 1284 Hauptins
650 1202 729 1286 [obs.
760 1205 828 1269 crit.
859 1209 888 1285 2,
913 1205 964 1289 3]:
996 1205 1038 1270 ‘in
1068 1205 1127 1270 hoc
1156 1205 1334 1272 dulcissimo

200 1314 338 1378 carmine
360 1313 434 1378 dum
463 1330 498 1377 se
520 1315 649 1378 reuocat
671 1318 765 1394 poeta
795 1333 814 1378 a
845 1315 959 1380 misero
989 1333 1112 1395 amore,
1146 1319 1335 1394 nontamen

201 1441 321 1488 omnem
349 1441 435 1506 spem
466 1423 673 1505 recuperandi
705 1441 742 1488 ea
774 1442 854 1505 quae
881 1425 1044 1507 perierunt
1077 1426 1122 1490 ita
1152 1426 1267 1491 abiecit
1299 1431 1335 1490 nt

201 1532 351 1598 abiecisse
373 1534 476 1598 uideri
498 1534 584 1611 unit,
609 1551 667 1598 nec
691 1539 755 1598 tam
778 1535 935 1600 obstinata
955 1540 1058 1600 mente
1082 1534 1217 1602 obdurat
1240 1551 1333 1617 qnam

201 1644 241 1708 de
265 1662 299 1708 se
321 1645 494 1726 praedicat.
539 1662 637 1725 quare
659 1644 775 1708 multus
802 1650 849 1708 est
882 1646 913 1709 in
937 1644 1143 1712 describenda
1164 1647 1294 1712 relictae
1316 1663 1335 1712 a

200 1773 235 1820 se
259 1753 315 1840 [i]
339 1753 464 1837 puellae
492 1754 576 1819 tristi
598 1753 768 1819 solitudine
791 1758 887 1846 atque
910 1756 942 1820 in
967 1754 1029 1820 dne
1052 1757 1198 1822 carminis
1221 1757 1334 1822 iterum

201 1883 271 1931 sese
294 1872 333 1938 ut,
352 1867 485 1931 obduret
507 1864 714 1930 adhortatur’.

215 2000 217 2002 ·
285 1975 367 2056 Mox,
393 1982 428 2039 ut
451 1975 513 2043 iam
528 1993 624 2056 snpra
646 1974 720 2054 dixi,
743 1992 850 2038 ueram
865 1992 927 2055 qua
943 1973 1058 2039 Lesbia
1079 1975 1118 2039 ab
1141 1993 1177 2040 eo
1195 1975 1334 2040 alienata

199 2091 248 2152 est
274 2067 400 2152 cansam
422 2091 517 2168 poeta
537 2085 713 2166 perspexit:
737 2085 883 2150 nimirum
902 2084 1040 2161 absentis
1062 2087 1212 2150 amatoris
1234 2085 1334 2152 oblita

199 2196 332 2262 alterum
355 2196 476 2260 ineius
498 2196 598 2260 locum
623 2195 679 2259 illa
696 2194 883 2260 adsciuerat.
930 2212 998 2258 eum
1021 2200 1126 2260 autem
1149 2214 1211 2260 non
1233 2214 1334 2279 panca

199 2305 316 2371 Catulli
337 2305 475 2369 carmina
498 2305 529 2368 in
553 2305 683 2370 aemulis
706 2323 783 2386 quos
806 2305 867 2368 iam
898 2303 1010 2370 abhinc
1031 2306 1064 2369 in
1079 2304 1211 2371 Lesbiae
1227 2325 1334 2374 amore

198 2415 311 2480 habuit
335 2415 531 2496 exagitandis
559 2421 654 2497 atque
683 2415 834 2480 uexandis
864 2418 1046 2496 uersentur,
1079 2415 1199 2480 nullum
1227 2422 1332 2482 tamen

198 2524 474 2606 uehementiorem,
499 2526 575 2590 mihi
598 2526 723 2606 quidem
742 2532 778 2591 nt
795 2527 930 2606 uidetur,
954 2525 1093 2590 dolorem
1115 2543 1192 2607 prae
1215 2545 1250 2592 se
1271 2526 1333 2592 tert

198 2653 292 2718 qnam
314 2653 438 2702 carmen
458 2635 619 2701 LXXVII:

353 2795 434 2866 Rufe,
453 2797 519 2851 mihi
537 2796 639 2852 frustra
656 2811 690 2850 ac
706 2795 872 2864 nequiquam
890 2795 995 2851 credite
1014 2795 1100 2852 amice

423 2889 557 2960 (frustrat
574 2890 655 2946 immo
672 2904 770 2956 magno
789 2903 849 2942 cnm
866 2889 957 2957 pretio
975 2895 1058 2958 atque
1076 2889 1167 2958 malo),

353 2981 437 3038 sicine
455 2983 594 3053 subrepsti
605 2985 646 3044 nri
664 2992 747 3052 atque
767 2982 896 3038 intestina
913 2997 1045 3050 perurens

423 3075 448 3131 oi
466 3078 564 3132 misero
583 3077 706 3146 eripuisti
722 3078 811 3132 omnia
827 3084 923 3131 nostra
940 3077 1034 3133 buna?
1111 3117 1116 3122 .,

353 3168 486 3238 eripuisti,
505 3170 574 3224 cheu
592 3175 703 3224 nostrae
721 3169 831 3224 crudele
848 3185 981 3224 uenenum

425 3263 508 3332 uitae,
526 3263 596 3317 eheu
614 3267 725 3320 noemae
743 3262 830 3332 pestis
849 3262 993 3318 amicitiae.

201 3409 315 3490 quibus
329 3411 473 3476 uersibus
495 3418 585 3477 erant
607 3413 661 3494 qni
679 3411 803 3477 omnino
824 3415 977 3492 negarant
999 3411 1156 3476 aemulum
1176 3409 1332 3490 quendam

197 3520 302 3601 tangi,
334 3538 403 3586 cnm
434 3524 538 3586 tamen
568 3522 666 3587 uerba
694 3522 808 3587 ‘omnia
842 3527 950 3587 nostra
982 3519 1073 3586 bona'
1106 3537 1241 3601 quonam
1269 3518 1332 3583 alio

197 3647 291 3711 quam
315 3629 356 3694 ad
381 3629 526 3696 Lesbiam
549 3632 662 3697 reterri
683 3632 805 3714 possint
826 3650 887 3697 non
907 3632 1040 3697 uideam.
1085 3630 1194 3711 itaque
1216 3627 1331 3694 Rufum

197 3739 472 3821 quoque'Lesbiae
494 3741 591 3806 tuisse
613 3746 784 3808 amatorem
804 3741 880 3807 mihi
903 3741 1028 3823 quidem
1047 3739 1252 3804 certissimum
1275 3740 1331 3802 est.

197 3850 353 3932 eripiendi
376 3855 481 3914 autem
506 3852 637 3916 uerbum
660 3870 722 3924 non
750 3852 853 3933 potnit
880 3850 1024 3916 adhiberi
1053 3850 1115 3914 nisi
1145 3850 1186 3916 dc
1218 3867 1255 3914 eo
1278 3848 1332 3933 qui

197 3960 318 4042 primus
339 3961 471 4026 Lesbiae
501 3979 576 4042 erga
599 3959 755 4026 Catullum
784 3959 877 4026 fidem
908 3961 1118 4044 temptauerit.
1164 3977 1225 4040 qno
1249 3960 1332 4024 enim

197 4071 283 4150 iure,
317 4070 445 4150 amabo,
478 4071 504 4134 si
535 4071 649 4136 Rufum
680 4071 849 4137 secundum
878 4072 930 4138 uel
961 4073 1089 4136 tertium
1111 4070 1163 4136 uei
1185 4073 1331 4151 quartum

196 4186 268 4264 post
296 4180 453 4247 Catullum
483 4181 595 4247 habuit
623 4182 737 4246 Lesbia
772 4183 880 4247 lectuli
912 4183 1046 4262 socium,
1086 4179 1236 4245 vocabulo
1269 4179 1331 4243 isto

195 4295 291 4374 poeta
322 4290 493 4356 utebatur?
529 4290 646 4356 Rufum
676 4293 773 4375 igitur
803 4310 873 4359 eum
902 4291 999 4358 fuisse
1029 4307 1209 4357 censeamus
1239 4307 1330 4371 opor·
