3142 4922
809 455 849 515 58

416 669 492 718 estne
509 664 589 720 nouis
606 663 698 732 nuptis
716 664 778 718 odio
797 663 912 718 Uenus?
930 680 1000 719 anne
1016 670 1147 733 posteritas

481 754 645 836 fruebantur
662 755 741 812 falsis
760 756 859 824 gaudia
876 756 1044 812 lacrimulis?

261 871 319 938 hoc
342 874 424 936 enim
448 871 558 938 mellus
582 870 708 935 uidetur
731 888 825 951 quam
850 871 1052 954 pauentum.

347 983 423 1048 ibid.
447 1003 476 1048 u.
502 986 542 1046 42
552 999 617 1062 sqq.

483 1114 531 1170 sed
548 1113 594 1182 qui
612 1129 641 1168 se
661 1112 732 1168 Ierro
751 1114 873 1182 postulet
890 1128 949 1168 esse
966 1114 1082 1181 parem?

415 1209 461 1263 ille
480 1223 588 1278 quoque
607 1222 718 1262 auersus
737 1221 815 1260 mons
834 1213 884 1274 est,
905 1223 984 1274 quem
1001 1206 1146 1262 maximum
1162 1206 1191 1261 iu
1209 1206 1264 1262 oris

484 1302 628 1371 progenies
646 1299 731 1354 Thiae
751 1299 826 1353 clara
844 1300 1043 1368 superuehitur.
1388 1367 1392 1375 Ι

263 1421 345 1486 male
373 1439 407 1485 se
437 1421 532 1486 habet
563 1421 639 1485 illud
680 1419 743 1484 ‘ille
780 1437 904 1500 quoque
931 1437 1059 1484 euersus
1093 1439 1181 1484 mons
1213 1422 1279 1485 est’.
1325 1440 1403 1486 narn

264 1533 411 1596 omIssurn
435 1537 481 1596 est
504 1532 536 1595 id
559 1529 753 1608 uocabulum,
776 1529 843 1593 sine
864 1546 925 1609 quo
949 1534 1048 1594 toturn
1072 1531 1246 1612 exemplum
1269 1533 1401 1597 omnino

264 1661 324 1707 non
345 1648 426 1720 stat,
454 1645 531 1723 puta
554 1639 639 1704 ferri.
685 1640 767 1719 quod
790 1639 889 1720 siquis
914 1637 1046 1704 faciles
1075 1659 1169 1706 ttersu
1196 1643 1401 1708 antecedenti

260 1755 363 1818 mente
385 1751 524 1834 suppleri
547 1751 640 1830 ditat,
666 1768 723 1831 ego
744 1750 817 1814 boni
841 1768 908 1815 esse
930 1755 1043 1833 poetae
1067 1769 1154 1832 nego,
1179 1752 1224 1815 Ita
1246 1752 1399 1834 ambigue

261 1863 347 1944 loqui
370 1867 405 1927 ut
428 1861 630 1945 principalem
654 1861 878 1924 enuntiationis
900 1860 1032 1924 alicuIns
1049 1861 1204 1924 rollonem
1228 1861 1404 1929 lectoribus

261 1973 421 2054 relinquat
451 1990 489 2036 ex
512 1972 690 2036 coniectura
714 1971 898 2035 addendam.
942 1989 1013 2034 nam
1045 1973 1125 2035 uarii
1155 1972 1268 2052 quibus
1298 1973 1404 2038 Athos

262 2101 349 2148 anons
370 2101 498 2145 euersos
521 2082 562 2144 sit
593 2082 676 2144 modi
697 2082 866 2160 excogitari
897 2086 1035 2163 possunt.
1081 2083 1189 2162 itaque
1218 2100 1288 2148 curn
1310 2083 1401 2150 terro

261 2193 456 2274 potIssimum
480 2209 550 2254 eum
572 2189 770 2255 succubuisse
801 2191 905 2255 dicere
927 2190 1004 2255 uelit
1027 2190 1169 2256 Catullus
1192 2191 1270 2256 ferri
1293 2197 1400 2260 notio·

261 2321 330 2368 nem
355 2303 458 2366 omino
483 2300 737 2383 praetermittere
759 2317 819 2363 non
841 2300 954 2380 potuit.
1000 2302 1087 2382 lego:

481 2433 568 2488 quoae
585 2391 633 2471 ilie
652 2432 764 2472 euersos
782 2433 859 2472 mous
879 2424 921 2474 est
939 2435 997 2488 eqs.

260 2528 314 2592 ubi
339 2526 459 2608 ‘quone’
482 2527 514 2590 in
539 2524 681 2606 ‘quoque'
704 2529 885 2607 corruptum
908 2531 970 2605 est,
1004 2526 1184 2592 notularum
1208 2527 1401 2593 traiectione

260 2644 360 2702 metro
387 2637 576 2704 claudicanti
604 2636 816 2702 consulebant.
841 2636 999 2700 -ualde
1030 2642 1136 2701 autem
1165 2637 1243 2702 illud
1269 2637 1395 2718 ‘quine’,

260 2750 343 2831 quod
364 2755 503 2831 proxime
526 2748 646 2814 accedit
668 2748 708 2812 ad
730 2748 883 2812 Iormulae
907 2748 1033 2829 ‘qnippe
1055 2747 1119 2828 quI’
1135 2745 1397 2828 significatIonenr

261 2860 312 2944 [cl.
338 2858 374 2924 G.
400 2859 597 2924 Hermannus
626 2861 659 2922 in
688 2857 796 2923 Jahnii
818 2858 983 2922 annalibus
1009 2862 1087 2924 1841
1112 2878 1141 2941 p.
1164 2858 1240 2943 246]
1266 2859 1397 2924 adania-

261 2971 309 3035 uit
330 2969 488 3050 Catullus3
512 2967 549 3034 cf.
574 2987 598 3034 c.
622 2967 720 3033 LIIIV
747 2972 826 3048 1803
852 2973 921 3032 183.
968 2965 1100 3033 LXVIII
1123 2973 1173 3033 91.

347 3079 387 3144 tb.
412 3084 462 3144 59.

416 3231 444 3285 hi
462 3229 499 3285 dii
519 3246 571 3285 uen
589 3230 627 3284 ibi
646 3230 723 3285 uario
742 3245 777 3284 ne
795 3228 883 3284 solum
900 3230 927 3283 iu
945 3229 1046 3286 lumiue
1063 3231 1133 3287 caeti

481 3338 515 3379 ex
532 3324 679 3380 Ariadneis
698 3339 781 3379 aurea
800 3323 967 3392 temporibus

415 3418 469 3474 fixa
488 3434 590 3474 corona
607 3419 685 3485 foret,
704 3417 753 3472 sed
769 3433 820 3472 nos
840 3433 949 3485 quoque
967 3417 1141 3486 fulgeremus,

482 3511 597 3566 deuotus
614 3510 680 3565 flaui
698 3510 808 3566 uerticis
827 3512 953 3566 exuuiae:

416 3604 552 3659 uuidudam
570 3620 586 3658 a
603 3603 687 3657 fluctu
705 3606 846 3660 cedentem
863 3605 898 3659 ad
916 3605 1018 3674 templa
1038 3605 1117 3660 deum
1139 3623 1182 3660 me

482 3697 557 3753 sidus
576 3697 604 3751 in
623 3697 743 3766 antiquis
763 3697 827 3754 diua
845 3714 946 3754 nouom
963 3700 1062 3768 posuit.

260 3837 393 3920 erantpsi
418 3855 541 3902 uersum
568 3841 607 3901 59
631 3837 755 3918 qualern
785 3836 932 3902 exhibent
954 3838 1084 3902 codices.
1131 3839 1197 3903 dies
1220 3844 1334 3918 antem,
1361 3845 1396 3903 ut

261 3947 358 4026 aiunt,
383 3966 432 4011 me
455 3945 587 4027 deficiet,
618 3949 644 4012 si
667 3954 778 4025 cuncta
801 3949 939 4014 uirorum
963 3948 1124 4014 doctorum
1147 3951 1187 4014 ad
1203 3949 1396 4031 expedienda

262 4055 358 4122 uerba
380 4058 642 4154 deprauatissima
675 4059 768 4123 uclnn
800 4077 984 4125 enumerare
1008 4065 1040 4125 et
1063 4060 1202 4126 refutare
1224 4059 1396 4125 conamina.

255 4185 332 4233 nam
356 4186 394 4232 ne
413 4186 450 4233 ea
476 4168 600 4249 quidem
624 4187 705 4250 quae
724 4170 791 4234 sola
806 4157 838 4233 in
860 4187 985 4236 censum
1009 4172 1148 4250 ueniunt,
1169 4171 1287 4237 scillcet
1312 4171 1398 4236 Hou-
