3142 4922
630 395 732 456 151

233 561 307 626 ibid.
333 566 414 626 lli-z
468 606 470 610 -

369 681 534 748 nequiquam
551 679 629 734 uanis
646 681 793 738 iactantem
811 697 917 736 cornua
933 678 1032 734 uentis.

142 785 222 847 uani
258 785 305 848 illi
342 785 428 849 uenti
464 801 540 863 uere
577 789 650 848 suot
688 786 778 866 uani,
819 786 852 850 id
889 789 936 849 est
972 784 1060 849 nulli.
1115 785 1145 849 0
1186 786 1286 850 ‘nauis

142 894 287 976 praebet,
332 894 419 975 legas
444 896 570 960 ‘uacuis
592 896 663 960 iact.
680 915 763 961 corn.
781 895 905 960 uentis’.
930 931 971 945 --
996 914 1025 958 u.
1051 899 1286 960 1191111111-

145 1005 292 1085 posuisse
314 1004 389 1069 mihi
420 1007 545 1070 uidetur
569 1005 779 1071 Buechelerus
802 1005 848 1090 [in
871 1005 1020 1069 11111111.
1047 1023 1119 1070 111.
1154 1009 1234 1070 1866
1255 1025 1285 1088 p.

145 1115 225 1198 610]
259 1117 299 1180 ‘in
333 1123 430 1194 gnata
467 1117 632 1198 deperdita
664 1115 881 1196 lamentatur’‚
916 1133 1103 1196 quamquam
1133 1115 1286 1182 Uarronis

144 1225 272 1290 Atacini
303 1243 365 1306 quo
395 1229 540 1292 innititur
568 1227 777 1307 fragmentum
808 1244 827 1290 1
857 1225 966 1306 Sergio
990 1224 1033 1309 [p.
1060 1231 1139 1304 564,
1166 1230 1206 1290 14
1228 1225 1282 1309 K]

144 1341 306 1401 seruatum
329 1338 431 1402 minus
454 1339 532 1402 bene
561 1339 711 1403 tractauit
734 1337 824 1401 idem.
871 1337 916 1400 111
937 1342 1041 1402 autem
1065 1345 1112 1402 est
1134 1337 1285 1402 traditum

145 1445 224 1512 illud
250 1446 332 1512 ‘huic
355 1449 464 1512 similis
479 1449 561 1512 curis
585 1449 731 1530 expedita
747 1445 947 1512 lamentatur'
970 1446 1161 1529 efferturque
1182 1446 1286 1512 1811-

146 1559 200 1638 gio
223 1563 259 1621 ut
277 1576 333 1638 per
355 1560 619 1640 praepositionem
642 1577 868 1640 superuacuam
901 1557 957 1622 ‘ex'
980 1555 1050 1623 fieri
1070 1557 1285 1622 soloecismum

147 1669 270 1732 doceat.
316 1669 480 1748 legendum
521 1677 569 1733 est
600 1669 682 1733 ‘huic
718 1669 828 1734 similis
861 1669 943 1733 curis
975 1691 1015 1732 ec
1042 1671 1140 1755 petra
1168 1668 1286 1732 lamen·

8 1795 10 1804 *
67 1862 70 1866 Ι
146 1777 253 1842 tatur'.
298 1796 371 1843 nam
400 1797 501 1859 neque
526 1797 587 1842 uox
615 1779 669 1843 illa
701 1780 830 1844 dedecet
858 1779 1025 1844 Atacinum
1057 1795 1159 1859 neque
1193 1796 1286 1859 spon-

151 1889 245 1954 deum
263 1889 296 1953 in
328 1896 441 1970 quarto
470 1908 580 1954 uersus
609 1889 770 1972 spondiaci
799 1888 879 1970 pede
908 1907 965 1969 pro
998 1888 1121 1970 dactylo
1149 1889 1284 1971 positum

147 2000 232 2082 apud
256 1999 371 2064 Catulli
385 1999 549 2081 aequalem
572 2000 763 2064 mirabimur.
784 2034 828 2044 -
850 2006 988 2063 ceterum
1012 1999 1121 2080 ‘petra’
1141 2017 1285 2064 111111-

146 2112 217 2193 pius
235 2110 444 2192 corruptelam
459 2128 552 2192 passa
568 2115 623 2176 est.
669 2111 752 2191 apud
769 2109 935 2173 Horatium
958 2109 1022 2193 [od.
1035 2109 1054 2176 t
1072 2113 1119 2189 12,
1145 2108 1283 2193 9-13]:

368 2259 427 2308 arte
444 2261 567 2308 materna
584 2251 698 2320 rapidos
716 2258 867 2310 morantem

366 2346 507 2402 fluminum
522 2346 617 2414 lapsus
636 2346 793 2412 celeresque
811 2352 917 2414 uentos,

367 2439 496 2493 blandum
515 2443 542 2493 11
559 2439 663 2492 auritas
682 2436 781 2494 fidibus
802 2441 911 2494 canoris

568 2532 666 2585 ducere
684 2547 800 2598 quercus

152 2666 235 2725 recte
267 2662 428 2743 perspexit
452 2661 487 2724 L.
511 2659 683 2725 Muellerus
713 2661 826 2744 [praef.
852 2663 891 2727 ad
915 2663 991 2727 Hor.
1014 2680 1086 2745 pag.
1110 2659 1198 2744 xlv]
1222 2680 1283 2725 non

149 2789 240 2852 posse
274 2771 401 2836 defendi
431 2772 509 2836 illud
543 2771 695 2852 ‘quercus'
723 2779 795 2853 post
826 2773 943 2837 ‘siluae’
974 2773 1017 2856 [u.
1042 2771 1075 2854 8]
1105 2771 1159 2835 illa
1191 2789 1284 2852 quam

150 2882 344 2962 grammatici
367 2880 641 2964 amplificationem
663 2900 720 2964 per
742 2883 860 2964 species
884 2889 998 2948 uocant
1028 2881 1141 2962 figura:
1182 2899 1285 2962 neque

154 2997 256 3056 tamen
281 2999 452 3075 propterea
474 2992 604 3074 stropha
627 2993 682 3057 1111
704 2994 882 3058 damnanda
911 3001 989 3074 erat,
1020 2995 1113 3058 immo
1141 2992 1286 3058 insisten-

153 3102 224 3166 dum
248 3104 279 3168 in
304 3103 357 3166 uia
379 3121 398 3166 a
420 3102 638 3186 Peerlkampio
669 3105 764 3184 inita,
796 3105 850 3185 qui
880 3101 937 3188 pro
960 3103 1111 3186 ‘quercus’
1133 3121 1285 3192 reponen-

152 3212 222 3278 dum
248 3213 375 3278 ‘cautes’
399 3213 547 3293 coniecit,
580 3216 671 3280 nimis
693 3216 724 3279 id
753 3215 877 3296 quidem
901 3214 1072 3296 uiolenter3
1106 3220 1139 3278 tu
1162 3214 1284 3278 medela

150 3307 244 3388 multo
268 3321 385 3386 leniore
408 3341 527 3388 mecum
550 3325 699 3389 restituas
724 3325 847 3390 ‘ducere
869 3324 995 3408 petras’.
1041 3324 1174 3389 alterum
1199 3325 1284 3389 uocis

152 3431 259 3513 ‘petra’
282 3443 449 3515 corruptae
472 3433 645 3516 exemplum
670 3437 745 3500 alibi
766 3435 857 3501 dabo.

233 3543 308 3608 ibid.
335 3547 394 3608 139
418 3564 480 3626 sq.:
868 3539 870 3544 ’

368 3678 396 3725 11
413 3689 468 3727 non
484 3673 554 3726 haec
572 3665 708 3739 quondam
728 3671 830 3725 blanda
847 3672 981 3739 promissa
1000 3671 1100 3727 dedisti

281 3755 283 3763 '
369 3781 436 3820 uoce
454 3765 528 3833 mihi,
545 3781 601 3820 non
620 3766 689 3819 haec
706 3765 820 3818 miserae
839 3779 950 3832 sperare
968 3765 1092 3819 iubebas.

152 3875 272 3941 ‘blanda
301 3879 387 3942 uoce'
415 3880 540 3944 restitui
564 3897 602 3943 ex
627 3879 657 3943 0
679 3883 789 3959 aperta
819 3879 962 3942 ueritate.
1007 3878 1038 3941 in
1063 3879 1108 3942 eis
1131 3894 1212 3957 quae
1235 3895 1283 3940 se-

152 3992 260 4050 cuntur
297 3988 423 4054 11111111
461 3989 612 4055 ‘miserae'
653 3989 801 4054 correctis
844 3989 956 4052 ceteris
992 3989 1161 4052 inusitatae
1200 3987 1284 4050 illius

152 4100 389 4164 constructionis
429 4102 578 4183 exemplis
616 4100 751 4164 reiculos
790 4105 845 4162 est.
899 4105 1065 4180 praeterea
1106 4098 1200 4164 ‘hacc'
1229 4119 1284 4162 uo·

992 4209 1032 4262 4*
