3142 4922
791 449 832 510 68

349 611 410 666 Non
428 615 527 680 taceat,
545 613 626 666 immo
643 619 751 668 aeterna
771 619 916 667 resonante
933 613 1050 668 Camena

352 702 492 758 Laudatur
509 705 619 772 placeat
637 705 712 759 uiuat
729 704 867 772 relegatur
886 708 1004 760 ametur!

246 850 324 913 quos
346 851 456 898 uersus
480 852 549 899 cum
572 834 612 897 ad
636 851 760 898 carmen
781 840 921 899 nostrum
941 835 1100 918 pertinere
1117 851 1207 898 nemo
1230 852 1291 898 non
1314 834 1379 915 pri-

247 960 296 1006 mo
318 944 425 1008 statim
447 944 558 1010 obtutu
583 944 824 1024 animaduertat,
848 951 952 1011 tamen
980 947 1012 1011 id
1035 947 1184 1010 mirantes
1206 963 1262 1008 nos
1284 943 1380 1008 habet

247 1055 329 1137 quod
353 1055 563 1135 fragmentum
595 1053 672 1118 illud
703 1072 813 1118 uersus
843 1055 926 1121 haud
958 1073 1073 1138 paucos
1097 1054 1223 1120 exhibet
1246 1070 1380 1136 quorum

247 1166 279 1230 in
307 1163 465 1232 codicibus
500 1182 595 1246 snpra
624 1164 814 1230 enumeratis
842 1165 961 1234 nullum
1000 1170 1152 1249 appareat
1200 1165 1379 1245 uestigium.

247 1275 354 1356 itaque
375 1291 444 1340 cum
467 1274 498 1337 in
520 1274 658 1340 carmine
680 1279 744 1338 tam
763 1277 854 1355 parui
867 1276 1003 1341 ambitus
1028 1293 1088 1340 non
1111 1275 1205 1340 liceat
1227 1279 1379 1356 statuere,

247 1385 348 1466 ipsum
379 1388 539 1448 auctorem
569 1382 723 1465 duplicem
755 1385 822 1450 eius
853 1386 1064 1453 recensionem
1094 1384 1284 1465 instituisse,
1316 1402 1380 1448 uuo

249 1494 341 1559 ruodo
365 1511 414 1559 res
436 1493 490 1558 illa
512 1491 661 1574 explicari
681 1495 808 1576 poterit,
829 1500 864 1560 ut
878 1495 1041 1561 librarium
1061 1493 1231 1577 archetypi,
1253 1513 1291 1560 en
1316 1511 1381 1576 quo

249 1606 302 1687 qui
327 1622 450 1670 carmen
474 1605 630 1686 integrum
652 1604 783 1668 tradunt
812 1606 934 1672 codices
957 1607 1189 1672 commemorati
1211 1603 1381 1684 fluxerunt,

252 1733 363 1781 uersus
386 1714 495 1782 illusa
526 1713 599 1779 libri
622 1711 768 1779 Uossiani
793 1713 969 1796 fragmento
992 1717 1209 1798 suppeditatas
1238 1715 1381 1780 omisisse

247 1827 378 1892 ciamus.
414 1843 519 1916 'quam
542 1824 719 1907 opinionem
739 1825 801 1888 iam
823 1825 897 1892 olim
920 1845 939 1891 a
961 1845 1010 1892 mc
1025 1831 1206 1908 conceptam
1228 1844 1288 1890 non
1312 1825 1381 1890 sine

248 1936 365 2018 gaudio
392 1936 498 2001 inueni
529 1933 760 2015 confirmatam,
793 1953 861 2000 cnm
893 1935 1009 2002 Romae
1040 1938 1177 2006 codicem
1199 1935 1381 2001 Palatinum

248 2049 309 2113 487
339 2064 420 2112 saec.
448 2045 577 2112 Ill-X
603 2045 838 2127 perlustrarem.
883 2046 938 2128 qui
968 2047 1048 2112 liber
1074 2052 1109 2111 ut
1138 2045 1203 2110 alia
1233 2052 1382 2128 poemata

246 2156 355 2233 latina,
380 2155 555 2237 dequibus
578 2174 649 2220 mox
671 2157 846 2220 accuratius
861 2156 1007 2236 dicemus,
1032 2161 1097 2220 tum
1120 2155 1172 2221 fol.
1191 2160 1232 2220 45
1256 2173 1381 2220 carmen

247 2272 389 2332 nostrum
413 2272 514 2329 totum
538 2266 677 2330 continet
701 2267 746 2330 ita
777 2271 812 2329 ut
840 2266 973 2330 eundem
1002 2271 1097 2346 atque
1118 2263 1289 2330 Uossianus
1312 2270 1382 2330 eius

246 2374 339 2442 finem
361 2375 522 2458 praebeat.
568 2375 705 2441 Palatini
729 2378 835 2459 (quern
858 2375 971 2441 abhinc
999 2375 1031 2440 P
1054 2374 1249 2459 significabo)
1272 2375 1381 2442 lectio·

243 2487 341 2552 ‘nibus
364 2485 545 2571 diligentius
568 2486 718 2568 inspectis
740 2505 812 2552 mox
837 2486 915 2560 duas
937 2487 1076 2552 codicum
1099 2485 1233 2550 familias
1255 2488 1382 2568 agnoui,

249 2615 381 2680 quarum
405 2615 441 2662 ea
464 2615 545 2678 quae
563 2615 601 2664 ex
624 2597 656 2662 P
674 2603 706 2664 et
728 2597 883 2664 Uossiano
899 2595 960 2680 (U)
978 2602 1100 2661 constat
1122 2597 1168 2660 ita
1182 2597 1275 2661 alteri
1290 2614 1383 2678 prae-

248 2713 314 2774 stat
343 2713 377 2773 ut
408 2707 595 2790 ubicumque
627 2708 693 2774 iere
727 2708 877 2774 maiorem
907 2712 1065 2772 mereatur
1095 2705 1197 2772 fidem.
1243 2712 1397 2771 ceterum

248 2817 380 2882 alterius
402 2815 541 2883 familiae
569 2837 664 2884 unum
689 2819 873 2884 Bernbinum
895 2817 953 2900 (B)
984 2823 1142 2899 tamquam
1164 2820 1277 2882 testem
1300 2815 1383 2898 opti-

249 2945 333 2991 mum
353 2925 599 3009 fidissimumque
630 2928 800 3007 exhibebo,
832 2930 948 3010 quippe
978 2945 1127 3010 quocum,
1162 2932 1196 2992 ut
1218 2927 1282 2992 iam
1306 2926 1382 3008 dixi,

248 3036 344 3102 ceteri
375 3036 447 3101 libri
476 3042 598 3102 tautum
626 3055 688 3102 non
724 3037 827 3104 ubiuis
859 3043 1039 3118 congruant.
1084 3033 1152 3103 cnm
1183 3043 1289 3102 autem
1318 3055 1382 3101 non

251 3147 360 3230 paucis
383 3144 621 3211 difficultatibus
642 3165 765 3212 carmen
789 3148 972 3229 impeditum
995 3149 1052 3226 sit,
1086 3149 1169 3214 locos
1192 3167 1244 3213 eos
1267 3147 1382 3228 quibus

251 3257 334 3320 Pet
357 3257 390 3318 B
418 3257 501 3320 inter
528 3276 562 3321 se
591 3256 740 3322 differunt
764 3260 880 3343 quique
902 3261 1039 3326 nondum
1063 3258 1305 3324 emendatricem
1329 3265 1382 3322 enss

249 3366 332 3447 perti
353 3372 428 3430 sunt
447 3384 573 3434 manum
595 3369 793 3451 percensebo.

334 3495 363 3541 u.
387 3481 408 3540 4
429 3475 506 3542 baec
527 3476 559 3541 P
574 3478 669 3544 habet
703 3481 852 3545 ‘soluetur
883 3481 990 3545 littera
1019 3481 1109 3545 diues
1138 3477 1204 3544 Nec
1233 3481 1382 3560 poterunt

250 3592 392 3669 spectare
414 3587 496 3651 oculi
529 3606 585 3653 nec
608 3595 716 3670 parcet
738 3590 826 3655 hiatu
845 3589 971 3654 flamma
1000 3590 1052 3672 pio
1085 3594 1269 3669 tantumque
1293 3587 1382 3669 operi

249 3699 392 3762 seruauit
409 3696 544 3762 honore’.
582 3699 664 3780 quod
682 3700 803 3765 lenibus
819 3700 1005 3781 quibusdam
1020 3701 1106 3764 uitiis
1123 3699 1271 3764 correctis
1288 3715 1382 3779 quam
1457 3787 1463 3794 Ι

250 3806 342 3888 longe
363 3805 605 3888 praeferendum
636 3811 677 3875 sit
705 3811 734 3875 ei
758 3812 842 3892 quod
869 3809 899 3874 B
922 3811 1029 3889 tradit,
1054 3810 1107 3874 uix
1128 3811 1243 3874 attinet
1267 3809 1381 3872 dicere.

250 3923 386 3982 ceterum
416 3919 447 3981 in
475 3917 533 3983 boc
561 3920 673 3984 uitium
686 3991 690 4000 ,
704 3928 807 4012 ortum
843 3921 970 3986 uidetur
1007 3938 1045 3985 en
1079 3921 1196 4002 duplici
1226 3921 1382 4000 scriptura

251 4077 349 4160 ‘operi
373 4078 514 4143 seruauit
535 4028 692 4161 nffi‘fl‘m’,
718 4082 799 4146 unde
822 4081 958 4148 ‘bonore’
982 4083 1012 4146 in
1037 4101 1147 4147 uersus
1168 4079 1382 4166 antecedentis

249 4186 341 4256 finem
373 4188 502 4270 expulso
534 4190 669 4270 genuino
699 4193 852 4258 uocabulo
888 4193 995 4258 ‘biatu’
1030 4193 1161 4258 inlatum
1188 4198 1243 4257 est
1271 4193 1383 4258 traxit·
