3142 4922
815 461 943 556 unv

251 587 526 714 ¹proficiscendum
551 617 599 693 est
621 627 660 694 ab
683 628 737 694 illo
762 627 829 693 ‘tibi
848 627 946 694 hahe’.
992 643 1085 708 quam
1109 628 1320 710 corruptelam
1342 648 1404 694 non
1495 629 1501 684 l

271 741 512 823 transponendo,
537 739 591 804 sed
606 739 659 804 ‘tu'
683 739 825 804 uoculam
848 739 920 804 huic
942 738 1009 804 loco
1026 737 1219 820 aptissimam
1238 739 1404 806 inserendo

271 851 444 918 sanandam
466 851 555 916 duco.
601 849 683 914 huuc
706 850 802 930 igitur
826 867 949 914 uersum
972 847 1096 914 Catullo
1120 866 1188 912 meo
1212 849 1360 914 restituo:

491 987 576 1045 quare
595 979 624 1028 ta
641 973 691 1030 tibi
708 973 779 1030 habe
797 976 849 1030 mci
869 979 918 1032 hoo
935 974 1022 1030 libelli

492 1068 704 1137 qualecumque’.

270 1181 309 1248 cl.
332 1181 457 1246 Lucret.
480 1180 511 1246 II
536 1183 574 1244 16
599 1179 734 1260 ‘degitur
757 1179 815 1245 hoc
837 1180 908 1246 aeui
932 1155 1152 1262 quodcumque
1175 1177 1240 1245 est’.
1286 1179 1325 1243 de
1347 1197 1403 1243 uo-

270 1293 359 1360 culae
388 1291 540 1357 iambicae
577 1289 656 1355 ‘mei'
686 1290 816 1356 elisione
851 1289 889 1357 ci.
919 1290 1136 1384 Lachmannus
1174 1307 1281 1355 comm.
1310 1288 1402 1354 Lucr.

269 1421 300 1485 p.
326 1405 395 1468 198.

354 1511 399 1578 IV
422 1515 459 1576 8:

490 1620 620 1676 cernuae
638 1621 716 1690 Syrio
734 1620 861 1690 fragrans
879 1620 961 1676 oliuo’

272 1752 407 1817 paruum
430 1734 635 1814 uitiumque
658 1733 689 1797 in
720 1731 752 1796 V
771 1733 885 1800 ‘asirio‘
907 1735 1032 1816 legitur,
1057 1733 1251 1813 itacorrigas
1276 1735 1317 1798 ‘ct
1339 1731 1395 1816 Sy-

271 1844 337 1909 rio'.
384 1844 427 1909 nil
451 1844 567 1926 quippe
589 1843 621 1908 iu
644 1843 800 1926 scriptura
822 1844 1045 1928 langobardica
1065 1843 1260 1925 frequentius
1281 1849 1329 1908 est
1350 1843 1403 1908 lit-

269 1955 441 2021 terularum
466 1955 503 2019 ‘a’
526 1960 557 2020 et
580 1953 630 2019 ‘et’
661 1955 849 2022 confusione.
895 1955 978 2038 quod
1002 1973 1064 2019 non
1095 1955 1241 2036 ignorant
1266 1955 1319 2036 qui
1342 1953 1403 2020 Ta·

272 2067 326 2131 citi
349 2065 478 2132 annales
503 2065 713 2162 historiasque
734 2071 978 2149 pertractarunt.

354 2175 430 2240 VIII
454 2180 489 2241 5:

479 2289 581 2338 amata
598 2283 678 2338 nobis
698 2290 827 2353 quantum
846 2283 981 2339 amabitur
999 2283 1082 2338 nulla.

269 2411 338 2458 cunr
362 2399 428 2460 toto
452 2394 510 2459 hoc
533 2394 670 2459 carmine
698 2399 792 2476 poeta
818 2411 853 2459 se
884 2394 951 2477 ipse
974 2394 1178 2476 adaquatur,
1211 2411 1271 2457 nou
1294 2398 1348 2474 pot
1336 2395 1397 2456 test
1515 2358 1540 2490 i

1525 2221 1530 2321 i

267 2505 397 2570 retineri
425 2503 501 2570 illud
532 2503 650 2585 ‘nobis'‚
681 2524 738 2587 pro
772 2523 834 2586 quo
864 2503 971 2570 ‘uobis'
1005 2510 1070 2569 rest
1058 2502 1233 2569 tituendum
1262 2507 1326 2583 est3
1360 2501 1398 2567 cl.

269 2613 458 2696 Sohaemus,
481 2621 602 2696 quaest.
627 2613 740 2683 Catuli.
762 2636 792 2699 p.
822 2621 892 2682 155.

353 2725 499 2808 litisqq.

488 2852 619 2921 respondi
636 2853 665 2908 id
684 2853 842 2920 quoderat,
861 2851 929 2906 uihil
947 2866 1037 2920 neque
1055 2851 1125 2920 ipsis

488 2961 539 3001 nec
557 2945 731 3014 praetoribus
750 2961 811 3002 esse
829 2960 880 3001 nec
899 2945 1012 3013 cohorti,

490 3054 537 3093 cur
559 3039 701 3106 quisquam
720 3045 803 3108 caput
820 3037 928 3092 unctius
946 3037 1079 3106 referret3

490 3133 652 3201 praesertim
671 3132 770 3201 quihus
790 3140 862 3188 esset
879 3132 1027 3187 Irrumator

489 3232 611 3295 praetor,
629 3240 683 3281 non
701 3225 804 3282 faceret
820 3225 870 3294 pili
889 3225 1036 3281 cohortem.

269 3337 364 3420 ‘lpsis’
386 3338 464 3403 illud
487 3339 527 3405 de
549 3337 715 3421 Bithyniae
742 3339 851 3404 incolis
874 3336 1071 3419 intellegunt.
1117 3344 1151 3403 at
1172 3337 1301 3422 Bithyni
1322 3337 1403 3404 nihil

266 3447 408 3514 referunt
452 3467 553 3532 noque
574 3467 649 3514 uero
673 3448 750 3514 nihil
772 3467 843 3514 esse
864 3448 985 3514 cohorti
1007 3449 1053 3532 (id
1076 3454 1132 3530 est,
1157 3449 1235 3515 nihil
1259 3449 1399 3532 habere),

268 3559 323 3624 sed
344 3559 422 3624 nihil
447 3578 515 3625 earn
538 3560 597 3625 sibi
621 3577 817 3642 comparasse
834 3560 999 3625 dicendum
1021 3566 1098 3625 erat.
1145 3561 1242 3626 tradit
1267 3560 1299 3625 V
1315 3560 1403 3626 ‘nihil

269 3687 369 3751 neque
392 3688 449 3735 nco
468 3672 500 3734 in
521 3670 616 3752 ipsis';
643 3670 701 3735 suh
724 3689 785 3752 quo
808 3670 951 3736 lectionis
972 3677 1074 3735 monst
1076 3689 1111 3735 ro
1126 3670 1282 3754 duplicem
1304 3672 1349 3738 lat
1336 3677 1403 3738 tere

269 3780 842 3913 scripturam‘nm11⁰11¹e2¹'1n’uioere
864 3831 939 3896 mihi
961 3831 1080 3897 uideor.
1126 3839 1174 3898 est
1196 3838 1302 3900 autem
1322 3833 1402 3898 illud

271 3942 382 4022 ‘neque
405 3942 489 4022 ipsis’
511 3944 706 4024 grammatici
730 3942 985 4009 correctiuncula
1030 3961 1069 4007 eu
1092 3942 1179 4008 ‘nihil
1202 3962 1259 4010 uec
1281 3945 1323 4010 in’
1347 3945 1403 4010 eli-

269 4053 316 4117 cio
337 4051 413 4117 hoc:
443 4053 529 4118 ‘nihil
553 4053 689 4136 lucelli'3
720 4053 758 4121 ci.
781 4050 931 4132 XXVIII,
957 4056 975 4116 6
1009 4053 1203 4134 ‘ecquidnam
1233 4057 1264 4120 in
1287 4053 1404 4120 tabulis

269 4168 358 4245 potet
379 4163 492 4230 lucelli’
514 4171 545 4230 et
568 4164 609 4229 ih.
635 4169 653 4228 8
678 4164 789 4230 ‘refero
803 4165 922 4253 *datum
944 4163 1075 4230 lucello'.
1120 4183 1214 4246 porro
1237 4165 1310 4232 talis
1333 4184 1403 4231 seu-

271 4274 371 4340 tentia
397 4273 484 4340 ‘nihil
504 4295 561 4342 uec
591 4281 753 4358 praetores
785 4293 842 4340 nec
862 4275 1005 4342 cohortes
1026 4273 1181 4358 reieruut,
1214 4285 1298 4343 cum'
1312 4295 1404 4358 prae·
