3142 4922
452 1467 455 1484 .
738 1407 778 1471 ΙΙ·
873 1483 874 1490 Ν
1040 1451 1043 1458 -

509 1539 562 1606 Da
583 1541 672 1608 libri
695 1541 893 1610 Catulliani
914 1541 1014 1610 fatis·

277 1728 394 1794 Catulli
416 1727 541 1794 libellus
565 1748 659 1813 quam
688 1729 730 1794 sit
751 1729 892 1795 studiose
916 1730 1078 1797 lectitatus
1103 1749 1173 1797 cum
1196 1732 1235 1797 ab
1259 1749 1325 1796 orn·

195 1841 287 1906 nibus
310 1839 456 1921 deinceps
478 1841 596 1922 poetis,
629 1846 697 1907 tum
720 1840 760 1904 ab
783 1841 905 1921 eisqui
928 1848 1033 1908 aetate
1056 1841 1326 1923 AugusceaMes-

191 1951 288 2016 sallae
310 1950 506 2032 potissimum
536 1952 685 2033 auspiciis
714 1952 754 2017 ad
777 1953 884 2036 poesin
907 1953 1061 2035 auspicati
1083 1959 1157 2018 sunt
1179 1971 1326 2035 quorum·

194 2079 257 2143 que
289 2061 439 2142 opuscula
468 2063 640 2130 catalecton
672 2061 795 2126 nomine
826 2062 866 2126 ad
904 2081 960 2127 nos
991 2069 1205 2144 peruenerunt
1233 2063 1327 2130 hodie

193 2177 300 2236 notum
324 2175 380 2235 est.
426 2189 619 2254 quamquam
635 2169 795 2238 hominurn
812 2171 974 2244 doctorum
990 2176 1095 2254 potius
1120 2191 1215 2256 quam
1237 2175 1326 2255 uulgi

192 2282 336 2346 manibus
359 2282 454 2348 tritus
485 2283 538 2347 1116
567 2283 712 2364 uidetur;
746 2286 830 2373 certe
862 2282 893 2346 in
917 2283 1171 2364 inscriptionibus
1194 2283 1325 2365 Pompe·

191 2391 271 2457 ianis
293 2391 414 2456 nullum
443 2410 481 2456 ex
512 2411 549 2458 eo
580 2393 769 2458 uersiculum
800 2393 1008 2476 deprehendi,
1042 2393 1103 2458 nisi
1133 2395 1217 2475 quod
1246 2393 1325 2460 iilud
1412 2424 1415 2430 ·

193 2503 333 2566 ‘atractis
364 2503 507 2583 pedibus’
531 2502 626 2586 [1261
652 2505 683 2568 in
711 2503 956 2584 Zangemeisteri
975 2504 1109 2588 sylloge]
1131 2503 1264 2570 tortasse
1287 2522 1327 2568 ex

192 2610 318 2676 Catullo
341 2611 411 2694 [XV
437 2614 491 2697 18]
520 2621 679 2697 sumptum
709 2633 777 2680 esse
807 2619 948 2680 statuere
976 2615 1060 2680 iicet.
1105 2615 1325 2696 grammaticos

190 2739 317 2811 quoque
338 2741 400 2786 non
417 2724 603 2790 mediocrem
620 2744 746 2809 operam
769 2725 801 2789 in
826 2726 893 2791 eius
909 2725 1100 2790 carminibus
1122 2727 1263 2806 posuisse
1287 2745 1326 2790 ex

123 2881 124 2884 ,
193 2851 322 2897 numero
345 2832 428 2898 haud
457 2821 557 2917 paruo
578 2853 728 2901 uersuum
751 2834 999 2900 Oatudianorum
1028 2821 1067 2899 ab
1090 2835 1153 2898 illis
1177 2835 1251 2898 data
1275 2852 1323 2899 oc·
1438 2889 1442 2897 ,

191 2943 315 3008 rasione
337 2943 514 3012 adlatomnr
538 2944 648 3008 elucet.
694 2962 772 3026 quos
803 2960 912 3007 uersus
942 2943 1017 3007 dum
1039 2943 1212 3023 perlustro,
1246 2942 1324 3007 illud

189 3053 304 3118 mirum
328 3057 361 3116 et
392 3053 596 3119 adnotatione
622 3043 670 3117 sat
701 3053 829 3132 dignum
860 3050 935 3118 mihi
969 3056 1017 3116 est
1043 3052 1145 3116 uisum
1178 3051 1262 3133 qnod
1294 3053 1322 3116 ei

82 3155 86 3164 ’
188 3162 382 3243 grammatici
407 3163 462 3242 qui
485 3166 558 3227 ante
574 3160 710 3226 Gellium
726 3162 874 3226 uixemnt
896 3160 980 3226 haud
997 3179 1069 3226 raro
1091 3168 1204 3243 poetae
1227 3161 1325 3228 uerba

188 3271 286 3336 muito
309 3271 523 3337 emendatiora
552 3272 704 3354 praebent
733 3289 826 3352 quarn
855 3289 938 3338 nune
966 3291 1003 3338 ea
1032 3273 1064 3336 in
1087 3271 1245 3338 codicibus
1269 3291 1326 3336 no·

127 3403 131 3412 ’
186 3383 261 3447 stris
285 3382 451 3464 leguntur,
484 3401 553 3448 cum
577 3389 684 3448 contra
707 3380 809 3447 Gellio
832 3385 1023 3464 posteriores
1045 3383 1233 3465 pierumque
1256 3401 1323 3448 eas-

186 3493 256 3557 dem
281 3511 359 3575 quas
382 3493 569 3577 archetypus
590 3493 781 3558 Ueronensis
811 3494 1006 3576 corruptelas
1029 3494 1206 3560 exhibeant.
1252 3512 1324 3559 nam

186 3603 270 3685 quod
294 3604 334 3668 ad
355 3605 401 3669 rei
424 3604 572 3670 metricae
594 3604 709 3670 attinet
730 3611 884 3684 auctores,
909 3602 1040 3669 Atilium
1054 3602 1321 3671 Fortunatianum

62 3775 66 3784 .
185 3713 322 3780 Marium
345 3713 543 3780 Uictorinum
563 3714 787 3779 Terentianum
808 3714 963 3794 Maurum,
986 3722 1154 3796 propterea
1178 3716 1262 3796 quod
1286 3734 1324 3779 ex

187 3825 340 3889 communi
369 3823 457 3890 fonte
481 3848 524 3871 -·-
546 3829 624 3906 puta
655 3823 799 3890 Caesium
832 3825 963 3889 Bassum
989 3862 1029 3872 -
1053 3825 1243 3903 hauserunt,
1276 3825 1321 3889 eis

184 3935 240 4016 qui
263 3933 366 4000 Gellio
386 3940 460 4000 sunt
482 3936 603 4017 priores
618 3935 819 4001 adnumerari
834 3935 965 4012 debent.
1011 3934 1093 3998 idem
1120 3933 1159 3999 de
1182 3934 1324 4003 Charisia
1348 3969 1352 3978 -

184 4050 216 4108 et
237 4044 399 4110 Prisciano
422 4045 626 4110 statuendum
647 4051 703 4110 est.
749 4045 811 4110 iarn
835 4046 902 4128 ipse
925 4048 1031 4110 autem
1048 4041 1170 4111 Gellius
1193 4046 1323 4132 [V120]

187 4154 304 4220 Catulli
347 4155 537 4236 exemplaria
578 4155 724 4220 mendose
768 4154 961 4221 circumferri
1003 4160 1139 4222 testatus
1177 4165 1240 4238 est;
1282 4159 1321 4223 cf.

186 4264 351 4346 Hauptius
377 4267 407 4330 in
432 4265 534 4330 indice
558 4265 628 4330 lect.
652 4264 755 4330 Berol.
777 4275 855 4330 aest.
882 4270 972 4330 1857.
