3142 4922
144 586 198 658 est
222 582 345 647 ‘uisens'
369 583 420 648 uel
445 582 602 662 berners,
627 583 711 664 quod
740 581 933 650 felicioribus
955 581 1168 664 indagandum
1189 582 1283 648 relin-

21 706 36 765 -ἑ
144 710 220 773 quo.
265 694 322 758 sad
353 711 455 775 neque
488 694 584 760 uerba
615 694 778 776 sequentia
808 695 850 760 ‘te
879 693 926 758 sic
953 693 1021 776 lpse
1049 690 1284 774 flagitabam’a

146 805 352 886 corruptione
375 809 448 869 sunt
470 804 629 868 immunia.
669 822 740 869 nam
762 821 913 886 perquam
938 803 1107 868 absurdum
1134 808 1182 868 est
1204 802 1281 868 illud

145 913 245 996 ‘ipse'.
291 916 382 996 quasi
412 933 488 980 uero
513 932 564 980 res
592 931 705 995 magna
736 915 792 996 sit,
827 905 984 980 Catullum
1009 914 1214 997 Ipsissimum,
1249 919 1284 978 ut

146 1023 248 1088 uerbo
270 1023 418 1090 Plautino
439 1031 521 1105 utar,
546 1041 606 1089 non
625 1043 682 1107 per
704 1043 829 1090 seruum
852 1025 1002 1110 aliquem,
1024 1023 1233 1089 femellas‘t
1186 1042 1218 1087 m
1220 1028 1283 1087 t·er

144 1151 285 1215 rogasse
338 1134 523 1215 equidem
516 1152 578 1199 ram
605 1135 737 1216 antiquo
771 1141 912 1217 tempore
948 1134 1112 1199 librarium
1148 1132 1283 1214 aliquem

141 1221 232 1308 ioh
257 1250 289 1309 et
311 1245 393 1310 IPE
414 1251 620 1312 commutasse
643 1262 762 1310 censeo.
807 1244 946 1328 legamus
976 1248 1089 1326 ergo‘
1092 1245 1189 1309 tasic
1209 1245 1282 1308 inde

143 1349 385 1438 flagitabam’*)

234 1465 336 1530 LXIII
362 1470 472 1548 18sq.:

369 1591 487 1648 hilarate
504 1606 568 1646 arae
587 1591 676 1646 altatis
695 1590 836 1646 erroribus
853 1590 986 1658 animum;

369 1698 447 1738 mora
462 1684 543 1739 tarda
560 1689 650 1739 menta
667 1683 768 1766 cedat3⁴
780 1683 858 1737 simul
876 1684 923 1753 ite,
943 1684 1091 1752 sequimini.

147 1795 282 1879 Cybeles
302 1796 440 1860 animum
463 1796 617 1878 quomodo
640 1793 738 1859 loturi
769 1795 836 1859 eius
864 1796 1042 1860 sacerdotes
1064 1795 1201 1861 hilarare
1222 1814 1279 1877 po-

143 1907 265 1972 tuerint
293 1924 330 1972 eo
361 1907 444 1987 quod
466 1907 567 1988 gradu
590 1905 687 1971 citato
709 1906 749 1969 ad
773 1923 841 1970 eam
864 1905 1048 1986 currebant,
1082 1892 1208 1972 difficile
1231 1913 1281 1972 est

145 2016 242 2082 dictu.
285 2016 379 2081 lmmo
410 2016 498 2081 Attin
528 2022 564 2081 ut
599 2034 633 2081 se
663 2015 747 2097 ipsos
786 2014 922 2080 hilarent
950 2017 1050 2080 socios
1078 2015 1277 2082 admonuisse

144 2127 258 2204 docent
279 2143 317 2190 ea
338 2143 418 2206 quae
440 2126 703 2192 secuntur.uerba
726 2127 823 2191 ‘mora
843 2125 936 2192 tarda
951 2131 1055 2192 mente
1075 2127 1184 2193 cedat’.
1215 2133 1279 2193 tra·

144 2236 224 2300 dunt
239 2241 242 2246 '
258 2242 365 2302 autem
402 2236 433 2302 0
465 2235 655 2316 ‘crocitatis’‚
688 2236 717 2300 G
748 2237 843 2318 paulo
877 2236 1056 2318 corruptius
1093 2237 1279 2303 ‘crocitatis’.

143 2346 327 2428 simpliciter
348 2346 420 2413 hinc
442 2348 670 2412 emendandum
686 2347 770 2429 ‘puto
794 2346 948 2428 hilarate,
972 2347 1012 2428 io,
1035 2347 1139 2412 altatis
1162 2348 1277 2413 errori-

143 2455 199 2519 bus
230 2456 387 2520 animnm’.
433 2475 503 2521 narn
532 2456 564 2520 in
598 2455 652 2520 illo
684 2457 863 2522 ‘crocitatis’
893 2456 1035 2522 litterula
1065 2457 1102 2522 ‘e’
1131 2475 1169 2523 ex
1197 2475 1274 2524 uoce

143 2563 340 2628 antecedenti
365 2563 517 2629 ‘hilarate’
535 2582 636 2646 praue
654 2565 792 2645 repetita
813 2571 869 2630 est.

228 2673 303 2739 ibid.
325 2677 382 2760 30¹:

279 2791 430 2848 hrribnnda
446 2791 526 2846 simul
542 2772 674 2847 anhelans
692 2805 765 2861 uaga
781 2792 857 2848 uadit
874 2794 990 2850 mum
1007 2808 1100 2863 agens.

142 2897 259 2964 habent
285 2897 316 2962 0
338 2897 547 2980 ‘animagens’‚
574 2897 604 2962 G
626 2897 739 2964 ‘aalma
754 2897 848 2980 gens’.
893 2899 985 2981 unde,
1010 2917 1079 2966 cum
1104 2899 1141 2963 ‘a’
1164 2905 1196 2965 et
1217 2900 1273 2966 ‘ee’

143 3011 173 3074 in
196 3009 352 3090 scriptura
374 3008 597 3090 langobardica
624 3008 678 3072 uix
705 3009 828 3091 possint
850 3009 987 3091 dinosci,
1020 3011 1132 3076 ‘anime
1162 3010 1265 3092 egens'

144 3119 175 3183 id
199 3123 256 3200 est,
280 3119 412 3183 ‘animae
435 3118 548 3200 egens’,
572 3119 789 3200 corrigendum
812 3125 868 3184 ast.

226 3227 327 3292 LXIV
350 3229 484 3309 12sqq.:

363 3349 433 3404 quae
451 3335 531 3390 simul
548 3350 581 3390 ac
598 3343 688 3392 rostro
706 3341 849 3392 dentosum
865 3336 997 3406 proscidit
1010 3353 1113 3406 aequor

363 3434 490 3497 tortaque
508 3429 622 3498 remigio
641 3428 744 3498 spumis
762 3429 903 3486 incanduit
920 3411 1002 3500 anda,

366 3535 502 3576 emersere
518 3519 582 3576 freti
601 3521 710 3577 canenti
728 3537 744 3577 c
761 3523 870 3591 gurgite
888 3523 979 3578 uultus

362 3627 516 3682 aequoreae
533 3622 683 3671 monstrum
702 3614 835 3670 Nereides
854 3616 1028 3670 admirantes.

363 3711 446 3776 atque
464 3707 522 3762 illic
539 3707 612 3762 alma
629 3706 757 3763 uiderunt
774 3708 835 3763 luce
852 3708 971 3763 marinas

361 3801 492 3855 mortales
511 3800 582 3855 oculi
600 3801 703 3857 nudato
722 3815 838 3870 corpore
855 3801 996 3872 Nymphas

361 3892 495 3948 nutricum
513 3901 593 3950 tenus
610 3898 735 3949 extantm
754 3909 769 3949 e
787 3895 894 3963 gurgite
912 3885 989 3951 dano.

209 4049 235 4114 *)
251 4049 280 4101 in
299 4046 353 4103 fine
373 4047 453 4102 huius
473 4048 601 4103 carminis
628 4063 661 4102 ax
683 4048 737 4102 GO
755 4048 954 4104 restituendum
973 4054 1016 4104 est
1032 4049 1104 4104 ‘dum
1122 4050 1211 4104 uestri
1230 4051 1274 4119 (z

147 4140 190 4209 tri)
208 4139 246 4195 sis
264 4141 402 4210 particeps
415 4141 530 4195 amoris’.
567 4156 621 4209 qua
636 4141 757 4196 clausula
774 4147 858 4209 poeta
870 4141 1032 4198 beneuolnm
1044 4142 1072 4196 in
1090 4144 1202 4198 amioum
1220 4145 1277 4199 ani-

147 4247 213 4288 num
230 4234 331 4302 optime
351 4233 493 4302 expressit.
903 4227 905 4232 '
