3142 4922
809 398 910 462 48'

264 590 292 635 4.
311 574 349 634 13
372 570 403 634 in
435 567 467 632 V
481 572 620 650 ‘totaque
637 569 777 651 remigio’
799 571 951 652 seriptum
966 574 1022 649 est,
1047 569 1130 650 quod
1156 576 1191 638 ut
1213 572 1305 636 nimis
1328 572 1398 636 lan-

265 682 394 764 guidum
423 685 508 746 recte
539 686 734 763 spreuerunt.
779 681 853 745 licet
875 683 979 745 autom
1011 681 1188 762 tortaque,
1215 682 1297 763 quod
1326 682 1400 746 Itali

265 797 483 873 reposuerunt,
508 791 657 872 exemplis
681 789 883 870 defendatur,
915 790 990 854 mibi
1023 795 1126 855 tamen
1151 809 1274 874 semper
1296 793 1400 856 uisum

266 908 314 967 est
336 919 488 984 reponere
515 900 687 982 motaque,
712 902 828 982 quippe
859 901 941 982 quod
967 902 1153 967 uocabulum
1179 908 1210 968 et
1233 904 1311 967 mari
1332 909 1400 968 tum

191 1069 193 1074 .
265 1014 400 1095 primum
423 1030 579 1077 remorum
610 1011 702 1093 pulsu
734 1011 855 1089 agitato
889 1010 999 1075 melius
1029 1014 1195 1078 conueniat
1227 1019 1259 1078 et
1286 1015 1402 1078 omissa

265 1123 384 1188 seilicet
407 1123 515 1187 littera
541 1122 655 1186 initiali
687 1121 834 1187 facillime
857 1122 1013 1202 corrumpi
1041 1125 1189 1204 potuerit.
1234 1130 1402 1206 praeterea

267 1234 470 1300 adnotatione
489 1234 566 1297 satis
589 1233 717 1313 dignum
737 1236 793 1311 est,
819 1229 967 1295 Ouidium
988 1233 1027 1295 de
1044 1233 1128 1314 Argo
1151 1233 1329 1314 loquentem
1352 1235 1401 1299 bis

268 1342 365 1409 uerbo
389 1343 443 1408 illo
467 1344 529 1407 uti:
554 1347 677 1408 metam.
702 1339 860 1424 [vilraa]
886 1344 952 1423 ‘per
972 1360 1057 1406 mare
1080 1360 1140 1406 non
1157 1350 1275 1409 motum
1298 1346 1401 1426 prima

218 1475 220 1482 ·
271 1455 391 1537 petiere
409 1453 525 1519 carina’
555 1459 587 1517 et
608 1471 704 1518 amor.
737 1450 782 1535 [Il
808 1456 862 1530 ll,
890 1451 922 1535 5]
954 1453 981 1516 ‘o
1005 1453 1141 1533 utinam,
1172 1456 1283 1535 nequis
1314 1474 1399 1521 remo

145 1647 147 1652 ,
270 1565 351 1630 freta
371 1565 463 1644 longa
479 1567 628 1643 moueret,
648 1565 737 1644 'Argo
755 1561 895 1632 funestas
918 1580 1025 1643 pressa
1048 1561 1177 1628 bibisset
1197 1565 1314 1645 aquas’.
1360 1567 1399 1633 cl.

268 1681 434 1759 praeterea
456 1673 604 1739 Manilius
631 1673 660 1756 [I
683 1673 737 1756 16]
770 1673 985 1754 ‘immotusque
1013 1691 1111 1738 nouos
1141 1680 1254 1756 pontus
1283 1677 1401 1766 subdu-

270 1790 360 1853 xerat
384 1784 483 1850 0rbes’
508 1789 540 1848 et
562 1781 632 1849 Ual.
651 1782 738 1848 Flac.
769 1781 809 1866 [V
835 1783 890 1867 44]
923 1787 987 1848 ‘nos
1018 1783 1083 1848 nlla
1104 1785 1296 1852 monebimus
1320 1789 1402 1853 ultra

269 1896 432 1979 sequora'3
467 1896 581 1960 Lucan.
606 1892 646 1977 [V
671 1895 756 1978 449].
786 1896 895 1976 nequis
926 1895 1007 1959 enim
1037 1894 1113 1959 mibi
1142 1896 1256 1963 obiciat
1287 1896 1402 1963 Catulli

272 2007 462 2072 imitatorem
484 2003 595 2101 Silium
616 2005 759 2071 Italicum
782 2003 855 2086 [Vll
878 2003 965 2088 412].

489 2152 522 2191 ao
538 2141 628 2192 tortus
647 2136 732 2190 multo
755 2138 899 2205 spumabat
916 2139 1019 2206 remige
1036 2142 1146 2207 pentae,

492 2245 551 2283 oum
570 2230 693 2298 trepidae
710 2229 821 2284 fremitu
838 2231 933 2286 uitreis
952 2247 966 2284 4
985 2230 1095 2286 sedibus
1114 2231 1184 2286 antri

489 2337 641 2390 aequoreae
658 2323 757 2391 pelago
777 2323 856 2377 simul
875 2338 1009 2378 emersere
1028 2339 1144 2393 sorores,

269 2441 313 2507 ibi
336 2460 474 2523 quoque,
506 2461 574 2509 cum
598 2443 719 2508 codices
741 2443 870 2508 tradant
900 2445 945 2508 ‘ao
972 2443 1077 2524 totus’,
1102 2442 1329 2510 restituendum
1352 2446 1401 2506 est

270 2554 317 2617 ‘aa
339 2558 442 2618 motus
464 2551 583 2618 multo’.
628 2553 713 2619 locus
743 2560 848 2618 autem
879 2553 1015 2624 Silianus
1045 2559 1155 2636 aperte
1176 2555 1282 2632 docet,
1307 2569 1401 2616 uersu

273 2667 312 2726 14
344 2662 470 2728 ‘uultus’
500 2681 570 2743 non,
602 2669 637 2728 ut
667 2663 825 2746 Hauptius
854 2663 932 2748 [obs.
963 2665 1030 2730 crit.
1060 2683 1090 2745 p.
1116 2663 1170 2747 34]
1199 2663 1313 2742 uoluit,
1344 2679 1401 2742 pro

271 2775 459 2854 accusatiuo,
485 2775 540 2840 sed
563 2792 620 2854 pro
644 2776 836 2841 nominatiuo
859 2776 922 2844 iam
945 2776 1074 2854 antiquo
1097 2779 1237 2854 ternpore
1257 2790 1325 2836 esse
1348 2770 1400 2834 ba-

259 2883 381 2948 bitum
427 2884 480 2949 sed
504 2885 543 2948 de
566 2902 594 2948 u.
624 2889 664 2948 14
685 2884 808 2965 longius
831 2883 1054 2965 disputandum
1077 2888 1132 2946 est.
1165 2881 1296 2962 praebet
1318 2882 1401 2957 enim

282 2991 314 3056 V
336 2997 498 3059 ‘emersere
520 2993 580 3058 feri
610 2994 755 3057 candenti
785 3013 803 3058 e
832 2993 956 3075 gurgite
980 2991 1105 3056 uultus’.
1150 2991 1267 3056 dudum
1296 2997 1401 3057 autem

272 3121 460 3187 perspexere
483 3103 581 3183 docti,
615 3103 700 3167 nullo
721 3109 813 3184 paeto
836 3101 987 3184 Nymphis
1009 3101 1092 3166 feros
1114 3102 1220 3167 uultus
1241 3119 1333 3183 posse
1356 3107 1403 3166 at-

273 3213 380 3278 tribui.
424 3231 531 3295 porro‚
555 3219 721 3294 postquam
745 3232 774 3277 u.
801 3217 839 3278 13
861 3214 994 3296 legimus
1018 3212 1189 3278 ‘incanduit
1211 3211 1313 3292 unda'‚
1338 3230 1402 3276 mo-

271 3323 350 3388 leste
379 3322 508 3387 lerimus
536 3341 629 3414 uersu
660 3324 836 3407 insequenti
870 3324 948 3389 illud
981 3324 1137 3390 ‘candenti
1158 3322 1302 3405 gurgite’.
1347 3322 1402 3387 sed
1433 3366 1442 3384 .

270 3434 349 3500 illud
372 3434 455 3515 quod
472 3433 662 3500 Schraderus
675 3437 816 3516 reposuit
839 3434 921 3502 ‘freti
944 3437 1068 3500 canenti
1092 3431 1269 3516 egurgite’‚
1294 3450 1402 3514 quam-

273 3562 367 3626 quam
390 3543 520 3626 uulgata
543 3544 676 3609 lectione
698 3547 795 3611 multo
826 3564 860 3610 se
882 3546 993 3610 melius
1014 3545 1125 3626 hebet,
1157 3551 1262 3610 tamen
1286 3542 1401 3624 duplici

271 3656 397 3719 nomine
419 3654 571 3736 displicet.
617 3672 688 3719 nam
718 3662 749 3720 et
773 3656 897 3720 ‘uultus’
921 3657 1076 3721 adiectiuo
1100 3656 1234 3738 quodam
1263 3671 1324 3719 non
1347 3653 1402 3717 ad·

274 3764 377 3846 posito
400 3766 492 3829 nimis
513 3765 607 3846 friget
630 3771 662 3830 et
684 3769 832 3849 pauperis
862 3769 1023 3848 scriptoris
1043 3774 1090 3832 est
1112 3789 1141 3832 u.
1169 3769 1208 3830 14
1232 3764 1364 3832 ‘canenti
1386 3782 1402 3827 e

273 3877 406 3956 gurgite’
430 3880 462 3940 et
483 3895 513 3939 4.
541 3881 579 3940 18
602 3879 630 3940 ‘e'
653 3878 777 3958 gurgite
799 3877 885 3942 cano'
906 3876 1050 3943 scribere.
1096 3882 1131 3941 ut
1154 3877 1291 3941 enimin
1314 3875 1402 3956 upioo

166 4037 175 4040 -
273 3987 407 4067 gurgitis
428 3987 580 4052 uocabulo
601 3989 735 4069 repetito
758 3987 844 4051 nulla
870 3994 919 4053 est
941 3987 1079 4068 offensio,
1104 3990 1149 4052 ita
1172 3994 1219 4052 est
1241 3987 1271 4050 in
1295 3985 1402 4050 eodem

273 4114 342 4160 cum
374 4096 505 4162 ‘canens’
537 4097 588 4162 uel
613 4098 727 4163 ‘canus’
757 4098 909 4162 attributo
943 4098 989 4162 bis
1018 4099 1192 4162 coniuncto.
1244 4096 1403 4178 scripsisse

274 4223 384 4272 censeo
408 4206 583 4273 Catullum:
