3142 4922
244 357 266 396 ι

768 445 787 504 8

209 614 285 680 licto
329 612 529 680 solitudinem
566 613 694 722 petendi
731 614 835 696 gratia
870 611 1028 677 Ueronam
1075 612 1245 678 contendit.
1291 611 1345 680 ubi

210 742 304 806 quam
345 724 471 804 longum
509 741 566 812 per
604 727 726 805 tempus
757 728 965 790 commoratus
1001 723 1044 789 sit
1085 725 1237 790 incertum
1280 729 1343 805 est,

182 834 265 924 ‘scd
298 839 334 898 ut
366 839 506 915 tempus,
542 833 588 898 ita
622 835 699 900 artis
731 835 875 917 poeticae
915 832 1052 897 studium
1093 833 1245 916 paulatim
1267 833 1345 899 leni·

213 949 306 1010 eruut
329 961 457 1008 saeuum
482 943 548 1008 eius
571 943 718 1009 dolorem.
764 945 833 1026 ipse
854 949 957 1008 autem
973 960 1067 1007 unam
1087 948 1210 1008 tanturn
1234 962 1344 1026 capsu-
1443 947 1445 953 '
1566 969 1567 1002 t

210 1055 273 1121 larn
301 1073 334 1120 se
363 1053 522 1119 Ueronam
544 1059 687 1135 portasse
715 1072 819 1120 secum
849 1053 887 1138 [c.
919 1052 1065 1122 LXVIII·
1097 1072 1127 1117 u.
1153 1054 1207 1137 36]
1230 1055 1342 1118 innuit.

119 1233 124 1238 ,
196 1183 292 1246 cuae
308 1164 382 1246 quid
397 1163 588 1229 continuerit
610 1163 710 1230 facilis
727 1170 776 1231 est
797 1165 986 1230 coniectura.
1010 1169 1084 1229 tunc
1099 1164 1181 1228 enim
1198 1161 1343 1228 Ueronae

212 1274 354 1341 Catullus
368 1275 467 1339 latine
481 1274 578 1338 uertit
593 1272 776 1342 Callimachi
788 1275 959 1355 πλόκαμον
973 1277 1147 1356 Βερονίκης
1170 1272 1209 1355 [c.
1228 1272 1343 1357 LXVI]

212 1385 360 1467 misitque
371 1384 545 1466 praemissa
562 1384 698 1466 epistula
716 1385 752 1469 [c.
774 1385 871 1468 LXV]
889 1383 1058 1449 Hortensio
1081 1384 1188 1448 amico.
1213 1383 1274 1446 iam
1297 1400 1345 1447 se·
1416 1435 1419 1442 .

130 1525 133 1534 ¹
211 1496 287 1561 data
308 1494 440 1558 tristitia
459 1487 590 1559 Romam
613 1495 772 1562 rediturus
795 1494 920 1577 scripsit
949 1493 990 1559 ad
1019 1493 1134 1558 Allium
1157 1493 1290 1558 amicum
1312 1493 1343 1555 in

211 1623 246 1670 rc
269 1605 389 1670 incerta
410 1604 615 1668 certissimum
638 1623 763 1670 carmen
785 1604 945 1684 ervum,
970 1623 1047 1686 quo,
1078 1604 1105 1668 si
1128 1602 1211 1667 illud
1239 1605 1345 1684 ‘snper
1415 1591 1418 1598 ’

210 1714 276 1779 alta
293 1719 402 1780 uectus
419 1714 502 1779 Attis
518 1713 630 1780 celeret
646 1719 715 1780 rate
731 1715 839 1781 maria’
856 1715 1001 1796 excipias,
1026 1730 1087 1776 non
1103 1712 1254 1792 grandius
1272 1713 1342 1778 dul-

213 1825 342 1907 ciusque
365 1824 438 1889 tulit
459 1824 563 1906 poesis
581 1823 767 1890 Catulliana.
813 1825 895 1906 quod
919 1841 1053 1902 carmen,
1078 1840 1266 1903 quamquam
1289 1841 1343 1889 no-

102 1995 104 2001 .
210 1936 293 2000 mine
316 1934 442 2017 quidem
465 1933 503 1999 ad
528 1934 775 2000 Allium-datum
804 1940 868 2016 est,
900 1954 935 2000 re
956 1952 1032 1998 uera
1054 1938 1159 1998 tamen
1188 1938 1289 1998 totum
1311 1935 1343 1999 iu

211 2046 347 2111 Lesbiae
358 2044 504 2109 laudibus
519 2046 707 2128 exequendis
724 2050 878 2111 uersatur.
924 2045 997 2110 Allii
1015 2045 1097 2108 enim
1113 2044 1252 2110 amicitia
1273 2064 1343 2126 pcr-

212 2161 319 2238 specta
358 2153 558 2236 officiosaque
596 2155 793 2237 hnmanitas,
828 2175 890 2238 qua
928 2155 981 2220 ille
1014 2153 1191 2220 amantibus
1222 2156 1345 2220 miseris

210 2265 373 2344 succurrit,
398 2266 574 2346 iterumque
596 2285 704 2349 preces
727 2287 783 2350 pro
812 2268 950 2332 eiusdem
973 2266 1048 2331 Allii
1072 2264 1273 2347 coniugisque
1295 2284 1344 2330 sa-

211 2376 278 2441 lute
300 2375 474 2458 gratiarum
494 2376 562 2442 loco
585 2383 749 2460 susceptae
779 2379 869 2460 quasi
891 2378 993 2442 lineae
1020 2382 1092 2441 sunt
1113 2376 1226 2457 quibus
1247 2377 1344 2442 inclu-

212 2485 298 2550 ditur
323 2485 456 2551 Lesbiae
479 2488 593 2553 amoris
624 2492 655 2552 et
680 2488 829 2571 temporis
852 2485 1022 2553 dulcissimi
1052 2504 1071 2551 a
1101 2493 1284 2569 poetarum
1308 2505 1346 2552 ea
1450 2471 1451 2476 ἵ
1566 2493 1567 2586 J

211 2596 332 2678 peracti
353 2597 456 2678 imago
479 2596 633 2662 coloribus
655 2597 857 2663 uiuidissimis
881 2597 1012 2679 depicta.
1059 2598 1099 2662 ud
1115 2596 1232 2663 Allium
1248 2599 1346 2678 igitur
1475 2613 1479 2616 ·
1566 2603 1567 2688 3

212 2707 305 2789 primi
320 2707 535 2772 tantummodo
551 2726 659 2773 uersus
677 2707 945 2792 decem[41-5l]
959 2707 1132 2788 itidemque
1150 2707 1251 2772 ultimi
1268 2707 1344 2790 [149
1566 2705 1567 2718 ’

217 2817 336 2901 -ι160]
359 2823 520 2900 spectant3
552 2819 662 2883 mediis
691 2824 794 2883 autem
822 2818 965 2884 uersibus
995 2816 1344 2901 [51—1ca]catullus

212 2929 258 2992 ita
286 2945 375 2993 suum
405 2946 474 2993 cum
504 2928 618 2993 Lesbia
649 2941 786 2994 amorem
815 2921 968 2993 describit-
994 2932 1029 2992 ut
1062 2933 1167 2993 utrum
1196 2924 1343 2991 effectum

212 3037 431 3105 suauissimum
464 3056 503 3102 an
534 3056 683 3102 summam
714 3039 791 3102 artis
821 3039 962 3119 poeticae
989 3036 1213 3118 perfectionem
1245 3038 1344 3118 magis
1403 3095 1408 3106 .

210 3149 375 3214 admireris
398 3149 526 3213 nescias.
578 3166 649 3212 nam
685 3148 791 3212 huius·
819 3147 1037 3230 descriptionis
1065 3146 1207 3228 singulae
1236 3152 1343 3228 partes

211 3262 301 3322 tantu
324 3277 394 3324 cum
413 3277 488 3324 cura
511 3256 667 3340 expolitae
688 3263 760 3322 sunt
789 3262 839 3342 ut,
867 3275 1055 3352 quamquam
1083 3275 1144 3323 non
1176 3273 1274 3339 usque
1303 3258 1343 3322 ad

211 3386 358 3433 uersuum
381 3387 543 3434 numerum
566 3368 625 3432 sibi
645 3367 837 3450 respondent
858 3369 907 3450 (ut
923 3369 1037 3432 bonum
1054 3366 1274 3448 architectum,
1298 3369 1344 3432 ita

213 3484 338 3559 poetam
372 3497 434 3544 non
466 3478 653 3544 mediocrem
685 3477 842 3544 interdum
879 3478 1032 3559 quaedam
1067 3477 1265 3559 neglegentia
1295 3484 1344 3544 at-

209 3607 271 3670 que
294 3584 498 3670 ἀσυμμετρία
514 3589 628 3673 dccet),
652 3594 757 3654 tamen
773 3593 895 3670 gratam
915 3588 1142 3670 iocundemque
1163 3606 1270 3654 earum
1291 3608 1342 3654 ae-

209 3698 427 3780 quabilitatem
449 3699 576 3764 habeas.
621 3700 680 3764 hac
702 3716 826 3781 quoque
848 3699 880 3762 in
902 3715 937 3764 re
960 3698 1035 3778 quin
1059 3697 1342 3764 Alexandrinorum

208 3810 344 3891 uestigia
372 3810 523 3891 presserit
552 3808 694 3875 catonus
724 3828 785 3874 non
814 3814 920 3892 potest
948 3807 1096 3874 dubitari.
1143 3827 1211 3873 oum
1237 3816 1342 3875 autem

209 3919 422 4001 Westphalius
431 3919 475 4002 [p.
486 3924 525 3984 73
535 3920 616 4004 sqq.]
625 3920 664 3985 de
674 3920 766 3986 huius
779 3920 924 3986 carminis
934 3916 1104 3983 artificiosa
1120 3921 1343 4001 compositione

208 4049 309 4096 meras
345 4030 514 4112 protulerit
541 4049 639 4112 nugas
669 4031 761 4113 (bene
797 4047 849 4095 cas
880 4029 1074 4110 aRettigio,
1105 4028 1285 4095 catuniano
1309 4030 1341 4097 11

208 4161 237 4223 p.
266 4146 389 4224 llsqq,
414 4140 576 4221 reiectas),
608 4157 709 4206 meam
731 4140 807 4206 libet
842 4140 984 4223 proferre
1008 4140 1205 4206 sententiam.
1250 4140 1341 4204 initio

208 4243 316 4317 nutcm'
335 4252 489 4334 carminis,
513 4255 550 4315 ut
570 4252 632 4317 iam
655 4252 737 4334 dixi,
763 4252 802 4318 ab
824 4252 899 4317 Allii
927 4251 1163 4334 praedicatione
1187 4250 1231 4335 [u.
1256 4254 1340 4314 41-
