3142 4922
717 486 756 546 35

172 653 298 718 tionem.
349 652 427 718 haec
455 656 560 716 autem
588 651 628 717 de
665 653 763 719 uariis
797 655 829 719 in
865 649 898 716 V
928 651 1115 720 lectionibus
1147 655 1300 735 quaestio,
1400 689 1403 700 ·

171 780 240 829 cum
259 763 300 827 ud
315 763 564 828 emendationem
582 761 654 827 libri
663 761 832 829 Catulliani
849 763 975 830 maximi
994 764 1036 828 sit
1049 764 1205 844 momenti,
1222 782 1304 830 nunc

174 874 351 940 accuratius
372 871 595 956 pertractanda
616 877 672 938 ast.
717 892 779 956 qun
810 871 913 940 officio
934 875 981 939 ita
1001 873 1156 956 defungar
1183 879 1219 939 ut
1239 893 1303 940 orn-

169 1002 226 1050 nes
248 984 361 1066 quibus
380 985 558 1049 etiamnunc
571 983 602 1048 in
618 983 708 1049 libris
723 985 838 1050 nostris
857 985 987 1051 nnuiciis
1002 986 1163 1051 uariarum
1178 984 1302 1051 illarum
1374 1046 1380 1058 s

167 1095 337 1162 lectionum
350 1095 485 1173 uestigia
499 1101 666 1176 supersunt
679 1094 762 1162 lucos
777 1095 835 1162 sub
846 1114 908 1162 uno
927 1095 979 1162 hic
991 1101 1158 1178 conspectu
1169 1114 1301 1179 ponam:
1370 1099 1371 1106 ’

213 1323 229 1388 1
251 1329 271 1389 a
292 1273 409 1390 ‘sintii’
439 1323 514 1390 aa:
540 1323 657 1390 ‘tinent’
685 1321 762 1389 on
785 1326 864 1391 ‘mer’
884 1324 915 1391 u.

209 1485 241 1551 Π
265 1489 283 1550 3
306 1434 499 1568 ‘sufficienti’
532 1487 577 1551 G:
611 1489 653 1552 ‘at
681 1489 811 1569 petenti’
837 1485 868 1551 0
895 1489 939 1552 ‘at
966 1488 1098 1569 patenti’
1126 1486 1298 1570 d‘appet’.

396 1597 448 1661 uel
473 1599 519 1664 ‘ac
540 1599 614 1680 pet’.
639 1596 683 1662 D.
751 1665 754 1672 Δ

295 1706 325 1747 al.
338 1705 441 1746 lunatam

217 1757 232 1828 a
258 1763 276 1822 9
301 1758 429 1822 ‘ludere’
458 1755 505 1823 G:
532 1759 659 1824 ‘ludere’
690 1756 764 1824 OD
786 1760 945 1826 ‘luderem’
967 1759 999 1825 d.

201 1919 243 2002 *η
271 1924 310 1985 13
336 1866 503 2000 Ἢέἐέἱῗῆῗ
530 1919 575 1985 G:
601 1921 765 2002 ‘negatam‘
793 1918 855 1986 Od
870 1920 1019 2002 ‘ligatam'
1045 1919 1078 1981 D
1097 1918 1285 1984 Priscianus.

210 2080 252 2146 IV
277 2085 317 2146 27
340 2029 499 2147 ssastrffi’
529 2079 574 2146 G:
599 2083 755 2148 ‘castrum’
783 2079 856 2147 OD
879 2080 1055 2148 ‘castorum'
1078 2079 1110 2144 d.

208 2243 276 2308 .*v1
299 2247 317 2307 9
343 2191 462 2308 ‘elthilrsseec
485 2190 604 2309 etkffin’
635 2240 677 2310 G:
701 2246 745 2310 ‘at
766 2242 826 2308 hoc
848 2247 880 2308 et
901 2241 965 2308 illu'
993 2235 1025 2306 0
1047 2243 1089 2306 ‘et
1110 2240 1162 2306 hic
1182 2243 1214 2304 et
1236 2238 1299 2304 ille’

393 2351 417 2417 d
440 2357 483 2419 ‘et
502 2354 561 2419 hec
582 2359 614 2418 et
638 2353 701 2419 illu'
726 2353 778 2419 uel
801 2351 916 2418 similia
936 2350 968 2417 d.

208 2514 269 2579 Vll
294 2461 580 2596 411111111ἓ1ι1ἓο11ξε
603 2513 648 2578 G:
682 2514 839 2596 ·lasarpici
862 2513 947 2580 iecis’
980 2511 1011 2576 0
1035 2509 1192 2594 ‘laserpici
1215 2508 1300 2574 feris’

398 2621 432 2684 D
456 2623 595 2707 ‘lasapici
618 2623 718 2689 iretis’
740 2623 772 2688 d.

208 2781 265 2865 *η
319 2786 340 2846 4
364 2732 501 2865 “iyii‘issi
537 2782 583 2849 G:
616 2784 771 2868 ‘tyrrenis’
796 2783 847 2850 uei
872 2783 1008 2867 ‘cyrenis’
1041 2782 1072 2844 D
1097 2780 1237 2866 ‘cyrenis'
1260 2780 1300 2864 d3

395 2896 436 2961 de
462 2891 493 2959 0
515 2912 578 2960 non
600 2894 708 2978 liquet.
833 2946 837 2953 .

207 3055 301 3123 VIIII
328 3062 350 3124 4
381 3060 452 3123 ‘uno
490 3057 593 3123 animo
630 3005 790 3140 sutamffime'
816 3054 861 3119 G:
895 3071 956 3123 nno
985 3054 1089 3122 animo
1119 3051 1300 3134 sanamque'

398 3165 466 3248 Ori,
491 3169 561 3233 ‘unu
581 3168 685 3234 animo
706 3166 867 3248 suamque'
890 3164 922 3230 d.

206 3327 259 3392 *X
280 3331 299 3392 8
323 3329 365 3392 ‘et
387 3275 544 3408 quom
571 3325 616 3392 G:
642 3330 684 3393 ‘et
706 3327 862 3415 quoniam'
890 3323 955 3390 Od
977 3327 1019 3392 ‘et
1040 3325 1185 3406 quonam'
1207 3322 1239 3387 d.

233 3524 250 3557 n
286 3492 325 3553 13
345 3435 435 3554 tuan?
460 3484 549 3553 GO:
575 3488 656 3554 ‘non’
682 3488 716 3551 D
739 3488 815 3553 ‘nec'
839 3487 871 3552 d.

207 3648 268 3714 nu
289 3653 307 3714 2
328 3597 426 3716 tait?
448 3647 526 3715 aa:
551 3649 638 3716 ‘1000’
664 3646 697 3712 ο
718 3649 805 3714 ‘roco’
828 3647 872 3713 n.

208 3812 261 3883 *η
313 3817 335 3876 4
354 3759 489 3878 tia'lsluumn'
519 3808 563 3875 G:
589 3809 713 3875 ‘falsum
734 3814 791 3875 aut
813 3808 938 3874 salsum’
967 3804 1152 3873 O‘falsum’
1180 3804 1220 3870 D.

205 3972 256 4042 *a
311 3977 350 4037 15
376 3919 518 4036 ‘unffi
546 3968 619 4035 Gd:
643 3969 784 4036 ‘muneri’
812 3966 885 4033 OD
906 3969 1037 4034 ‘numeri
1068 3966 1101 4031 d.

392 4080 422 4124 al.
435 4080 520 4132 optumo

209 4133 306 4200 *XIV
332 4139 370 4198 15
396 4133 519 4215 ‘opimo'
547 4130 592 4197 G:
618 4131 756 4213 ‘optimu'
783 4127 856 4194 OD
879 4129 1002 4212 ‘opima’
1026 4128 1058 4194 d.

208 4294 259 4363 *n
324 4299 361 4359 17
385 4241 516 4362 “llum
546 4291 591 4358 Gr
615 4291 732 4359 luxerit
757 4288 840 4356 OD.
1063 4390 1077 4425 *

1037 4393 1053 4446 3
