3142 4922
621 447 777 516 ‘20

188 626 289 707 LXV,
324 623 474 692 vanl·
505 628 537 688 et
565 622 713 688 LXVIIIl
745 621 863 691 recenti
893 620 996 686 adhuc
1026 621 1121 703 plaga
1150 620 1327 703 composita

190 737 376 817 ostendunt,
406 734 498 800 facile
528 738 577 799 est
601 734 777 797 conmotatu
801 733 884 796 inter
914 731 947 795 id
978 739 1184 814 tempusque
1206 729 1328 796 Catulli

189 847 288 911 frater
321 846 399 912 obiit
436 851 468 911 et
498 846 560 911 iter
587 842 786 926 Bithynicum
817 843 1029 908 intercessisse
1056 843 1178 924 aliquot
1208 841 1329 922 quibus

190 956 279 1022 dolor
302 958 361 1022 iste
384 957 500 1022 lenitus
528 954 754 1034 mitigatusque
783 954 825 1017 sit
854 969 960 1016 annos.
1005 952 1078 1018 hinc
1103 971 1184 1017 anno
1206 953 1275 1017 fere
1299 968 1328 1015 a.

178 1065 261 1133 Chr.
285 1086 315 1132 n.
338 1067 531 1146 sexagesimo
554 1051 701 1128 fratreur'
715 1079 753 1127 ex
780 1063 864 1126 uiuis
886 1063 1055 1128 excessisse
1076 1063 1149 1128 licet
1173 1067 1330 1128 statuere.

168 1165 302 1259 'itaque
323 1176 418 1259 paulo
447 1180 521 1241 ante
553 1174 634 1238 hunc
663 1189 778 1236 annum
802 1169 918 1238 Catulli
942 1190 1011 1238 cum
1033 1172 1166 1239 Lesbiae
1188 1189 1332 1238 amorem

190 1289 329 1369 coepisse
352 1285 575 1353 consectarium
604 1287 659 1348 est.
705 1280 811 1347 finisse
831 1288 935 1380 autem
965 1283 1097 1348 eundem
1128 1288 1201 1348 ante
1221 1285 1289 1348 iter
1314 1299 1334 1346 a

190 1403 286 1480 poeta
309 1398 340 1461 in
356 1395 536 1480 Bithyniam
556 1399 735 1475 susceptum
757 1394 932 1458 accuratior
952 1393 1039 1459 uitae
1062 1395 1128 1458 eius
1141 1392 1333 1477 posterioris

194 1504 415 1590 contemplatio
438 1506 538 1571 docet.

278 1615 337 1682 His
366 1617 412 1681 ita
441 1614 591 1697 expositis
614 1613 653 1678 da
674 1613 806 1679 Lesbiae
834 1631 968 1695 persona
988 1614 1121 1694 agedum
1151 1612 1332 1678 uideamus.

191 1745 263 1792 nam
284 1725 392 1794 lictum
414 1743 482 1791 esse
511 1724 595 1790 illius
625 1743 736 1802 nomen
764 1743 833 1789 cum
856 1742 912 1805 per
934 1741 968 1788 se
990 1728 1115 1806 pateat,
1145 1730 1213 1788 tum
1235 1723 1333 1790 testi·
1393 1739 1395 1742 ·

195 1838 299 1902 monio
322 1843 444 1902 constat
462 1835 569 1901 Ouidii
589 1833 683 1918 [trist.
702 1834 732 1899 11
749 1833 899 1918 427sq.]:
923 1835 977 1900 ‘sic
991 1852 1048 1900 sua
1060 1834 1179 1900 lasciuo
1194 1837 1330 1900 cantata

191 1953 239 2013 est
266 1965 361 2030 saepe
392 1945 516 2013 Catullo
549 1945 682 2026 lomina,
717 1947 768 2010 cui
798 1944 910 2011 falsum
944 1945 1057 2010 Lesbia
1089 1962 1201 2010 nomeu
1231 1943 1327 2009 erat’.

190 2075 301 2122 uerum
326 2062 432 2122 autem
455 2056 589 2120 feminae
620 2073 729 2120 nomen
759 2055 858 2119 tradit
879 2055 1032 2137 Apuleius
1063 2053 1156 2138 [apol.
1186 2054 1237 2138 10]
1261 2055 1332 2121 ‘ea-

193 2167 263 2232 dem
293 2183 389 2248 opera
419 2170 564 2232 accusent
593 2164 626 2228 (l.
657 2163 814 2229 Catullum
845 2164 928 2245 quod
960 2163 1105 2229 Lesbiam
1131 2181 1189 2245 pro
1213 2161 1329 2228 Clodia

192 2278 382 2342 nominarit’.
428 2277 501 2341 hinc
532 2277 593 2340 iam
626 2293 664 2339 ex
685 2273 843 2356 prioribus
865 2273 1039 2338 editoribus
1063 2271 1231 2354 Uictorius,
1256 2272 1333 2336 Mu·-

191 2393 280 2453 retus
301 2388 436 2470 aliique,
467 2391 572 2451 nostra
597 2390 719 2464 aetate,
750 2388 787 2450 nt
809 2385 870 2450 iam
893 2383 983 2448 initio
1004 2383 1098 2451 huius
1119 2383 1230 2466 capitis
1250 2381 1326 2461 dixi,

192 2497 351 2579 Hauptius
385 2495 627 2577 Schwabiusque
665 2513 732 2560 eam
767 2493 907 2560 Clodiam
946 2495 1038 2560 istam
1067 2493 1328 2578 quadrantariam

192 2607 291 2673 fuisse
314 2612 522 2689 sumpserunt.
568 2606 607 2671 de
638 2606 731 2671 huius
754 2607 859 2670 autem
882 2604 951 2670 uita
976 2606 1177 2688 moribusque
1200 2621 1328 2671 accura-

193 2717 258 2783 tius
280 2718 394 2798 agendi
417 2719 551 2800 gratiam
574 2716 664 2782 nobis
693 2715 770 2782 lacit
797 2715 930 2797 diligens
958 2733 995 2782 ac
1025 2716 1150 2810 subtilis
1173 2713 1328 2781 Schwabii

116 2819 118 2824 ’
195 2827 368 2909 disputatio
392 2828 434 2913 [p.
457 2828 601 2911 56sqq.].
646 2827 755 2907 itaque
780 2826 977 2907 perbreuiter
998 2831 1182 2906 argumenta
1203 2841 1328 2905 compo-

196 2955 269 3004 nam
292 2937 407 3019 quibus
431 2938 585 3003 adductus
607 2936 795 3001 sententiam
818 2953 838 2998 a
858 2936 938 3001 uiris
958 2934 1019 2998 illis
1041 2935 1141 3000 doctis
1171 2932 1328 3015 prolatam

199 3048 292 3113 unice
314 3065 423 3113 ueram
444 3053 532 3131 puto.

278 3157 302 3221 Ι.
347 3157 389 3222 Et
419 3157 532 3224 Lesbia
563 3162 595 3224 et
622 3156 733 3223 clodia
759 3154 986 3238 quadrantaria
1021 3153 1117 3220 nobili
1145 3155 1212 3221 loco
1235 3159 1326 3220 ortae

196 3271 295 3334 erant.

281 3377 323 3443 11.
367 3376 478 3443 (llodia
508 3382 607 3459 nupta
637 3382 707 3442 erat
736 3376 772 3455 Q.
795 3376 922 3443 Metello
953 3373 1054 3442 (lelerl
1086 3383 1182 3460 (cons.
1209 3395 1237 3442 a.
1261 3375 1327 3459 60),

196 3490 251 3572 qui
275 3507 356 3555 anno
380 3491 420 3554 59
455 3488 556 3554 medio
580 3494 711 3554 mortem
733 3488 827 3553 obiit:
858 3487 992 3553 Lesbiae
1024 3505 1150 3570 quoque
1180 3489 1329 3554 maritum

196 3600 279 3665 idem
302 3598 369 3664 fere
391 3598 474 3664 circa
496 3604 619 3681 tempus
642 3617 659 3664 e
684 3600 787 3664 medio
809 3599 937 3664 cessisse
965 3617 1003 3663 ex
1026 3599 1071 3664 eis
1093 3599 1238 3680 quaeda
1260 3615 1328 3664 car-

196 3711 279 3776 mine
307 3708 392 3774 LXX
415 3725 560 3791 quaeque
594 3710 634 3774 de
664 3709 777 3775 amoris
807 3708 976 3775 Catulliani
1009 3715 1150 3791 tempore
1180 3707 1329 3774 disserui·

196 3837 265 3886 mus
287 3819 355 3884 ue'ri
375 3817 411 3884 fit
432 3819 541 3884 simile.

287 3927 343 3994 III.
389 3930 461 3994 anni
494 3933 534 3995 59
570 3930 659 3995 initio
693 3930 804 3997 Clodia
836 3949 854 3996 a
891 3930 932 3997 Μ.
954 3929 1061 3996 (laelio
1084 3929 1166 3996 Ruso
1201 3935 1329 3996 oratore

198 4039 297 4103 amari
321 4043 432 4120 coepta
454 4045 519 4104 est:
551 4038 667 4106 Catulli
692 4041 805 4106 Lesbia
827 4059 897 4106 cum
920 4039 1003 4106 Rufo
1025 4041 1162 4123 quodam
1185 4059 1251 4106 rem
1272 4040 1330 4105 lra-

198 4149 268 4213 bnit
290 4149 386 4230 idque
409 4169 445 4214 eo
468 4153 609 4232 tempore
639 4169 701 4233 quo
723 4149 866 4217 Catullus
895 4151 994 4217 lratre
1023 4153 1152 4218 orbatus
1183 4151 1329 4218 Ueronae

124 4351 129 4361 Ι
202 4259 297 4342 degit,
320 4260 354 4325 id
378 4266 436 4340 est,
459 4260 554 4343 paulo
576 4265 649 4343 post
671 4278 698 4326 a.
714 4264 773 4326 ⁴60.
