3142 4922
714 436 755 494 43

166 607 218 669 tor
242 604 287 668 cis
308 604 351 668 sit
372 603 552 668 irrumator'
582 601 720 669 absurda
742 608 799 668 est.
844 608 929 670 recte
960 604 1022 668 iem
1045 602 1189 668 Muretus
1211 603 1302 667 resti-

168 714 231 780 tuit
263 714 508 794 ‘qnaestoribus’.
555 715 690 795 denique
720 713 798 779 illud
825 716 896 778 ‘non
919 712 1047 778 taceret’
1076 731 1169 778 uersu
1192 714 1302 778 ultimo

167 843 229 889 non
252 828 356 906 potest
379 823 521 889 obtinere
543 823 654 889 locum.
700 843 761 889 non
794 843 871 907 opus
895 830 964 889 erat
987 822 1138 888 Grououii
1162 823 1301 889 uiolenta

1103 942 1147 974 neo

165 986 339 1051 mutatione
362 984 508 1065 ‘tucieus',
532 983 624 1049 modo
641 982 884 1049 substitueretur
907 1002 924 1049 e
950 981 985 1065 V,
1010 985 1063 1066 qui
1088 987 1157 1050 ‘nou
1172 983 1300 1051 taceret'

167 1095 307 1178 praebet,
332 1097 470 1177 ‘praetor
492 1113 549 1160 uec
579 1093 697 1160 iaceret
725 1094 782 1176 pili
813 1094 990 1161 cohortem’.
1035 1112 1107 1161 uam
1130 1113 1199 1161 cum
1223 1095 1300 1177 ‘qni
1328 1069 1333 1102 “

166 1205 234 1272 bus’
257 1223 350 1270 uersu
373 1206 534 1288 superiore
556 1224 614 1287 pro
638 1207 716 1270 ‘cum
738 1205 792 1270 eis’
814 1207 951 1288 positum
974 1206 1029 1286 sit,
1055 1204 1147 1272 focile
1170 1207 1210 1272 ad
1235 1209 1302 1272 ‘nec

165 1315 293 1382 tacerct’
314 1316 591 1398 subintellegemus
614 1313 711 1382 ‘cum'.

250 1425 355 1492 XXIX
377 1431 412 1492 9:

386 1536 459 1590 huno
480 1533 585 1591 Galliae
602 1534 679 1589 timet
696 1542 723 1589 et
739 1534 907 1590 Britanniae.

166 1647 211 1711 lta
243 1643 275 1708 V
292 1646 418 1712 exhibet
441 1665 567 1712 uersum
583 1647 850 1728 corruptissimum
871 1647 926 1728 qui
944 1647 1150 1729 plurimorum
1173 1646 1300 1727 quidem

167 1757 306 1822 uirorum
336 1757 498 1821 doctorum
529 1775 635 1836 cume,
668 1755 805 1821 nondum
834 1765 939 1824 tamen
970 1757 1123 1823 medelam
1153 1760 1300 1837 expertus

167 1872 224 1932 est.
269 1885 341 1931 num
363 1866 514 1932 mutando
546 1874 577 1932 et
601 1867 832 1948 transponendo
863 1867 938 1948 quid
962 1867 1048 1932 aliud
1075 1867 1121 1931 illi
1144 1867 1301 1932 consecuti

167 1981 241 2042 sunt
264 1995 357 2058 quam
383 1982 416 2041 ut
439 1977 626 2042 sententiam
656 1995 676 2043 a
699 1975 814 2042 Catulli
836 1982 941 2042 mente
962 1977 1185 2042 alienissimam
1209 1978 1301 2043 resti-

167 2087 316 2152 tuerent?
353 2088 444 2152 nimis
477 2088 593 2169 quippe
623 2088 828 2170 pertinaciter
856 2106 1005 2172 praesens
1039 2093 1161 2171 tempus
1193 2089 1300 2154 ‘timet’

166 2204 323 2264 retentum
348 2204 405 2264 cst.
450 2197 528 2262 nihil
559 2204 663 2263 autem
687 2199 820 2281 amphus
852 2204 918 2264 tum
949 2200 1101 2265 timebant
1125 2198 1247 2264 Galliae
1269 2204 1301 2264 et

48 2323 61 2376 r
166 2310 341 2375 Britannia.
387 2310 449 2373 iam
473 2309 555 2372 enlm
579 2327 687 2374 eornm
717 2309 874 2375 thesauris
897 2312 1015 2392 potitus
1037 2315 1107 2376 erat
1129 2309 1298 2386 Mamurra,

166 2423 228 2485 iam
256 2439 363 2485 eorum
394 2419 515 2484 diuitiis
551 2437 625 2484 usus
657 2421 875 2504 corrumpebat
911 2421 1057 2487 mulieres
1094 2419 1299 2486 Ueronenses

169 2536 336 2611 postquam
351 2534 457 2595 autem
479 2547 509 2593 u.
525 2533 649 2594 16-19
665 2536 760 2613 poeta
781 2533 924 2614 exposuit
947 2533 1054 2597 indeo
1074 2533 1175 2614 prima
1192 2531 1300 2596 adule-

168 2640 288 2704 scentia
312 2638 467 2705 elluonem
486 2639 583 2704 luisse
599 2639 800 2722 Mamurram,
825 2643 910 2723 quid,
936 2659 1061 2724 quaeso,
1088 2642 1173 2707 aliud
1196 2640 1301 2724 potuit

167 2748 291 2814 adicere
315 2765 409 2829 quum
431 2749 495 2816 tale
516 2749 592 2830 quid
623 2751 664 2815 ‘et
686 2753 717 2816 in
742 2752 835 2817 talem
865 2772 920 2818 uos
947 2752 1103 2818 hominem
1127 2751 1250 2817 Galliae
1269 2756 1300 2816 el

166 2859 350 2925 BrItanniae
369 2859 497 2925 diuitias
513 2860 721 2926 contulistis?
743 2862 846 2945 legas:
876 2852 916 2928 ‘cl
928 2863 1021 2928 lanice
1036 2861 1159 2928 Galliae
1178 2863 1299 2950 optima

166 2969 435 3035 etBritanuiaei'
460 2972 606 3054 adquae
637 2971 734 3038 uerba
756 2971 904 3039 facillime
936 2973 1086 3039 ‘dedistis
1118 2974 1167 3040 uel
1198 2975 1300 3041 simile

165 3081 240 3162 quid
263 3080 437 3163 suppletur,
461 3087 497 3145 ut
521 3081 715 3148 XXXVII16
741 3085 795 3149 ‘sic
816 3103 900 3149 meos
926 3083 1090 3165 amoresl’,
1115 3085 1179 3151 scil.
1219 3086 1299 3151 ‘red-

166 3191 232 3256 dis’.
246 3227 290 3238 -
313 3191 350 3256 ct.
374 3190 524 3256 Horatius
550 3191 710 3276 [sat.12,
736 3193 793 3279 90]
817 3195 967 3275 ‘corporis
989 3195 1127 3278 optima’.

248 3299 352 3367 XXXI
375 3305 450 3384 8sq.

386 3469 447 3508 cum
463 3469 539 3510 mens
557 3469 625 3509 onus
643 3457 753 3524 reponit
770 3472 803 3511 uo
820 3458 966 3528 peregrino

385 3547 479 3603 labore
497 3547 564 3603 fessi
581 3549 702 3604 uenimus
721 3549 806 3604 larem
823 3551 857 3604 ud
874 3558 1005 3607 nostrum.

164 3705 292 3768 prorsus
314 3686 441 3753 insolito
464 3688 556 3753 modo
588 3689 780 3770 ‘peregrinus
803 3688 901 3755 lubor'
927 3690 1056 3771 ponitur
1078 3709 1135 3773 pro
1157 3692 1297 3773 peregri·

67 3813 69 3818 ’
165 3799 257 3864 nandi
289 3798 406 3865 labore.
452 3799 573 3880 corrige
597 3803 642 3864 ‘ac
665 3802 832 3882 peregrino
853 3800 894 3866 ab
917 3799 992 3866 orba
1014 3801 1107 3882 lessi’;
1132 3801 1169 3867 ct.
1189 3821 1234 3866 ex.
1250 3820 1296 3884 gr.

164 3907 297 3976 Ouidius
317 3909 403 3994 [met.
424 3909 442 3974 I
465 3909 520 3994 94]
544 3911 751 3992 ‘peregrinum
774 3917 809 3976 ut
831 3912 947 3978 uiseret
970 3912 1096 3980 orbem’

249 4021 414 4088 XXXVIII
439 4025 477 4086 17
486 4039 550 4102 sq.:

382 4160 412 4209 tu
430 4160 540 4224 praeter
557 4171 660 4224 omnes,
680 4171 732 4209 une
751 4155 785 4210 de
804 4157 949 4226 capillatis,

383 4249 556 4305 cuniculosae
575 4248 737 4306 Celtiberiae
755 4249 803 4320 tili,
