3142 4922
819 447 860 506 44

496 611 607 680 Egnati,
627 625 714 679 opaca
732 627 810 680 quem
828 611 930 666 bonum
947 610 1014 666 lacit
1030 609 1117 666 barba

497 711 525 760 et
542 705 608 762 dens
626 705 730 760 Hibera
748 703 894 760 defricatus
912 704 999 759 urina.

276 833 357 898 mira
382 833 524 900 lectionis
555 835 693 900 uarietas
724 835 756 898 in
779 851 855 899 uoco
878 833 1093 899 ‘cuniculosae'
1123 833 1293 898 inuenitur.
1340 832 1416 898 Pri·

276 944 401 1010 scianus
424 945 506 1010 eninr
530 945 651 1010 duobus
673 945 749 1010 locis
781 943 822 1027 [V
846 949 884 1007 77
909 950 942 1008 et
962 943 1021 1008 Vll
1044 946 1084 1009 22
1107 942 1160 1026 Η.]
1191 943 1231 1008 de
1253 945 1416 1010 uocatinis

278 1055 358 1120 ‘une’
380 1059 412 1121 et
435 1051 498 1119 ‘fili’
520 1073 616 1136 agens
639 1057 684 1119 ita
706 1053 799 1120 affert
822 1071 931 1119 uersus
950 1052 1153 1132 Catullianos‚
1178 1059 1214 1118 nt
1235 1073 1292 1136 pro
1313 1056 1416 1120 ‘cuni-

277 1165 410 1232 culosae’
431 1166 583 1248 praebeat
607 1165 838 1232 ‘celtiberosae’.
883 1171 917 1230 at
947 1165 1097 1229 memoria
1123 1163 1230 1246 lapsus
1270 1172 1318 1232 est
1339 1165 1417 1231 Pri-

178 1363 181 1370 ·
276 1277 415 1356 selanus,
452 1282 487 1342 ut
518 1295 612 1359 saepe
635 1277 830 1359 grammatici
852 1275 951 1340 latini.
997 1293 1076 1356 nego
1100 1280 1203 1340 tamon
1226 1273 1294 1341 fieri
1318 1293 1416 1357 posse

277 1393 313 1451 ut
334 1379 383 1452 bis
404 1386 458 1452 ille
481 1386 652 1453 falleretur.
698 1387 819 1452 accedit
840 1386 924 1468 quod
946 1387 1052 1469 priore
1070 1386 1196 1467 quidem
1218 1387 1286 1451 loco
1301 1393 1416 1469 aperte

278 1497 417 1563 declarat
439 1515 473 1562 se
495 1498 571 1563 haec
594 1515 632 1562 cx
654 1497 755 1562 Flauii
778 1497 889 1579 Capri,
915 1497 1095 1563 ‘doctissimi
1118 1496 1317 1577 antiquitatis
1340 1515 1415 1579 per·

277 1608 479 1690 scrutatoris’,
513 1608 740 1692 dissertatione}
768 1608 937 1688 nescioquo
965 1607 1142 1688 sumpsisse.
1195 1607 1236 1672 ad
1274 1605 1414 1689 Caprnm

278 1720 374 1800 igitur
406 1718 499 1785 lectio
521 1719 582 1784 ista
612 1736 687 1783 sane
716 1717 926 1785 memorabilis
957 1717 1048 1782 redit.
1093 1717 1155 1782 iam
1187 1717 1266 1781 illud
1292 1734 1413 1798 quaero
1524 1703 1526 1786 ζ

277 1849 350 1896 num
374 1830 522 1896 credibile
543 1830 584 1894 sit
606 1829 841 1910 grammaticum
866 1834 929 1893 tarn
946 1827 1098 1895 celebrem
1118 1827 1168 1892 uel
1191 1827 1288 1892 solius
1303 1847 1415 1896 errore

279 1941 448 2006 memoriae
470 1946 534 2006 tarn
556 1938 647 2005 foede
670 1938 791 2021 lapsum
820 1957 887 2004 esse
909 1945 945 2004 ut
972 1938 1089 2004 uiolato
1113 1943 1212 2002 metro
1237 1937 1416 2006 ‘celtibero-

279 2051 342 2116 sae’
364 2056 495 2134 poneret
520 2067 577 2133 pro
601 2049 831 2129 ‘celttborosae’‚
857 2068 924 2113 cum
947 2050 1132 2132 praesertim
1152 2037 1350 2128 coniunctum
1374 2051 1414 2116 il·
1527 2137 1528 2146 ἵ

277 2162 332 2227 lud
362 2159 575 2226 ‘celtiberosae
610 2158 807 2224 Celtiberiae'
832 2158 926 2240 plane
955 2159 1125 2224 absurdum
1161 2161 1210 2224 sit.
1256 2148 1350 2240 quod
1369 2162 1412 2225 ad

277 2272 464 2354 scripturam
486 2271 517 2335 iu
548 2267 747 2333 Vtraditam
780 2268 995 2335 ‘cuniculosae’
1024 2271 1155 2350 attinet,
1186 2269 1317 2335 latinum
1340 2271 1410 2350 qui-

278 2384 348 2448 dem
372 2380 556 2446 uocabulum
572 2377 731 2459 habemus,
756 2380 811 2444 sed
825 2380 974 2460 quidnam
997 2379 1037 2444 ad
1054 2380 1225 2446 notandum
1240 2379 1408 2461 Egnatium

278 2492 356 2559 illud
379 2492 485 2556 ualeat
515 2509 576 2555 non
599 2490 762 2572 perspicio.
808 2491 916 2572 itaque
945 2492 997 2571 qui
1021 2508 1102 2572 quae
1125 2507 1220 2573 supra
1243 2493 1348 2556 monui
1370 2490 1410 2556 de

278 2603 351 2669 libri
383 2601 552 2668 Catulliani
588 2602 620 2667 in
657 2603 726 2684 ipsa
760 2603 952 2684 antiquitate
985 2603 1184 2683 corruptione
1215 2601 1409 2683 recordatur,
1442 2671 1451 2686 ,

279 2715 444 2780 lectionem
468 2712 553 2778 illam
576 2731 595 2778 a
616 2712 776 2780 Prisciauo
799 2721 956 2780 seruatam
975 2732 1036 2778 non
1058 2712 1253 2779 abiciendam
1276 2731 1352 2792 esse,
1376 2719 1412 2778 ut

279 2826 443 2908 hucusque
465 2823 607 2889 fecerunt
629 2824 774 2903 editores
799 2826 852 2889 sed
875 2824 1088 2906 quaerendum
1115 2842 1190 2887 num
1213 2822 1288 2904 quid
1310 2822 1412 2888 bonae

279 2936 379 3018 frugis
402 2955 440 3002 ex
463 2951 501 2999 ea
521 2935 691 3015 reciperari
709 2935 872 3016 possimus,
896 2951 1016 2998 mecum
1031 2934 1165 3015 putabit.
1212 2936 1243 2997 et
1266 2931 1325 2997 hae
1342 2933 1411 3014 qui·
1448 3004 1451 3008 ,

280 3047 350 3111 dern
383 3046 521 3110 rationes
545 3044 649 3109 nescio
686 3061 725 3108 an
755 3042 900 3108 Uossiunr
938 3043 1127 3109 adduxerint
1156 3050 1191 3108 ut
1221 3042 1412 3109 rescriberet

281 3155 387 3221 ‘Celtis
409 3153 558 3237 perosae'.
603 3155 706 3236 potuit
734 3161 838 3218 tamen
861 3155 978 3220 leniore
1000 3155 1138 3220 remedio
1162 3153 1277 3220 Catulli
1301 3171 1412 3219 manus

279 3267 412 3332 restitui.
458 3264 613 3343 nimirum,
635 3263 710 3329 mihi
734 3268 769 3329 ut
785 3265 918 3344 uidetur,
942 3263 1121 3330 Priscianus
1144 3267 1176 3329 in
1191 3263 1285 3347 Capri
1308 3284 1411 3330 exem-

279 3378 360 3461 plari
387 3375 605 3442 ‘celtisberosa'
629 3376 758 3455 inuenit,
782 3375 865 3457 quod
891 3381 1009 3442 temere
1032 3382 1065 3441 et
1086 3376 1253 3442 inscienter
1268 3377 1411 3441 mutauit.

280 3489 352 3553 hinc
385 3487 543 3552 lenissima
582 3504 656 3550 usus
690 3487 882 3552 correctione
916 3488 1036 3552 scribo:
1078 3489 1148 3550 ‘une
1186 3487 1225 3551 de
1258 3487 1413 3569 capillatis

281 3597 395 3676 Celtis,
424 3615 533 3662 uerose
556 3595 745 3662 Celtiberiae
775 3595 840 3663 fili'.
886 3598 944 3663 hoc
976 3615 1071 3662 unum
1101 3615 1177 3661 sane
1207 3597 1348 3662 restabat
1378 3600 1412 3661 ut

281 3709 436 3774 hominem
459 3708 518 3773 sibi
540 3725 684 3789 perosum
715 3713 874 3789 tamquam
900 3726 1068 3790 puerorum
1096 3713 1282 3773 sectatorem
1307 3707 1412 3788 exagi-

283 3825 364 3884 taret
387 3817 537 3884 Catullus.
583 3818 622 3900 de
654 3818 794 3883 ‘uirosus’
818 3835 892 3884 uoce
915 3817 969 3895 ct,
1002 3817 1084 3899 quod
1115 3819 1155 3882 ad
1174 3835 1240 3882 rem
1262 3820 1411 3900 pertinet,

283 3928 402 3994 Gellius
440 3928 623 4009 V112,o;
665 3930 747 4010 quod
778 3928 818 3993 ad
849 3927 989 4007 formam,
1023 3927 1211 3994 Ritschelins
1246 3947 1350 4011 opusc.
1384 3928 1415 3993 ΙΙ

284 4044 421 4121 779sqq.
445 4045 477 4104 et
498 4038 637 4105 Lucilius
663 4039 720 4103 Vll
743 4039 781 4103 fr.
809 4044 848 4102 14
872 4038 919 4104 ed.
941 4038 975 4104 L.
1001 4037 1043 4104 M.

187 4167 191 4172 ·
368 4150 490 4215 Addam
513 4149 561 4214 his
578 4150 617 4215 de
634 4149 750 4231 Egnati
766 4165 900 4232 persona
922 4150 1139 4230 suspicionem.
1164 4151 1308 4231 quotiens
1329 4151 1412 4218 enlm

282 4261 392 4358 longos
412 4261 503 4326 istius
526 4260 654 4343 capillos
672 4261 859 4342 longamque
878 4259 1006 4325 barbam
1026 4258 1097 4341 legi,
1120 4264 1234 4327 totiens
1250 4264 1416 4345 nescioquo
