3142 4922
752 504 792 568 69

188 694 265 757 =que
287 680 392 742 cetera
417 674 505 739 uitia.
550 679 671 739 restant
703 681 807 739 tamen
838 674 933 740 etiam
962 675 994 740 in
1025 675 1182 758 scriptura
1212 675 1285 742 libri
1311 675 1342 740 P

205 785 357 868 quaedam
382 784 593 850 emaculanda.
639 785 775 865 primum
805 785 887 849 enim
917 803 979 849 non
1010 785 1128 851 intacta
1160 791 1233 851 sunt
1262 785 1339 853 haec

206 899 273 962 ‘nec
293 898 443 978 poterunt
463 894 624 977 spectare’.
670 913 742 960 nam
773 894 805 958 id
829 894 911 975 quod
937 895 967 959 iu
993 893 1023 958 Β
1045 915 1102 977 pro
1127 897 1202 964 ‘nec’
1223 897 1339 977 legitur

206 1006 257 1072 ‘et'
280 1007 334 1070 uix
356 1007 457 1071 ausim
481 1009 599 1071 rectum
622 1002 795 1083 affirmare,
820 1022 888 1069 cum
913 1005 1011 1069 multo
1038 1006 1148 1071 melius
1171 1008 1338 1101 conueniet

205 1116 413 1198 indignationi
444 1133 538 1197 quum
569 1115 678 1198 primis
715 1115 858 1180 uersibus
887 1120 981 1197 poeta
1014 1116 1177 1197 exprimit,
1208 1119 1235 1182 si
1268 1125 1339 1200 post

205 1226 304 1291 uerba
336 1227 486 1292 ‘soluetur
515 1225 623 1290 littera
652 1224 751 1290 diues'
785 1224 1000 1306 interrogandi
1031 1225 1154 1306 signum
1183 1228 1337 1309 ponimus.

206 1339 312 1419 itaque
335 1357 392 1420 pro
417 1336 501 1402 ‘Nec’
524 1335 716 1420 reposuerim
733 1333 827 1414 ‘Hec'‚
849 1335 880 1399 id
904 1341 952 1399 est
974 1335 1078 1401 ‘haec‘.
1125 1337 1239 1404 deinde
1255 1340 1338 1421 quod

205 1465 261 1529 pro
284 1447 390 1529 inepto
422 1447 475 1511 illo
500 1447 708 1528 ‘ductumque'
736 1443 766 1509 Ρ
788 1445 919 1527 praebet
951 1446 1121 1528 ‘tantoque'
1145 1447 1191 1512 ita
1212 1454 1338 1514 mutun-

206 1558 279 1624 dum
302 1575 413 1623 censeo
434 1563 469 1622 ut
493 1559 653 1637 ‘tantoque
671 1555 768 1638 operi'
791 1555 992 1621 rescribatur.
1015 1594 1058 1604 -
1078 1558 1140 1622 iam
1162 1559 1195 1623 in
1217 1559 1262 1624 cis
1284 1560 1345 1641 qui.

206 1671 355 1733 secuntur
377 1668 520 1733 uersibus
543 1666 677 1752 [8-17]
692 1685 826 1746 causum,
847 1685 910 1749 qua
924 1667 1099 1748 Apollinem
1117 1667 1224 1733 Musas
1247 1668 1339 1734 Libe·

208 1796 276 1843 rum
290 1778 435 1843 Cererem
447 1783 483 1842 ut
492 1783 675 1844 succurrant
685 1779 888 1858 inuocauerit,
902 1778 947 1842 ita
960 1783 1053 1859 poeta
1061 1778 1166 1842 reddit
1176 1784 1211 1842 ut
1219 1797 1339 1844 summa

207 1885 342 1969 Uergilii
367 1888 480 1953 merita
502 1887 646 1953 adductis
675 1888 742 1952 eius
765 1886 926 1968 Georgicis
951 1888 1125 1953 adumbret.
1171 1889 1201 1952 in
1226 1889 1339 1969 quibus

205 1998 349 2063 uersibus
373 1999 456 2080 quod
481 2017 518 2063 ex
542 1996 574 2061 P
589 2016 714 2063 uersum
737 1997 840 2062 adhuc
859 1998 952 2080 plane
969 1998 1161 2079 incognitum
1183 1999 1340 2064 lucramur

208 2109 240 2173 id
265 2109 348 2189 grati
370 2110 576 2191 accipiemus3
600 2107 626 2171 is
648 2108 731 2172 enim
754 2112 825 2189 post
848 2127 877 2172 u.
904 2112 940 2172 ll
966 2107 1044 2174 haec
1066 2109 1177 2173 inserit
1201 2110 1340 2173 ‘munera

206 2219 328 2284 telluris
362 2219 469 2300 largae
501 2219 623 2283 ratione
660 2216 810 2282 nouauit'.
856 2216 989 2297 Uergilii
1020 2219 1140 2284 meritis
1164 2218 1221 2283 hoc
1247 2218 1339 2282 modo

205 2328 354 2411 expositis
377 2329 423 2392 ite
445 2309 539 2409 poeta
557 2328 726 2392 secundnm
751 2327 904 2410 Bpergit
927 2328 1012 2394 ‘haec
1035 2327 1123 2393 dedit
1147 2330 1183 2392 ut
1197 2330 1338 2410 pereant,

204 2441 304 2522 ipsum
335 2440 360 2503 si
392 2438 496 2502 dicere
527 2437 574 2501 las
607 2436 673 2502 est’.
726 2455 895 2520 numquam
933 2444 1038 2503 autem
1068 2439 1145 2502 setis
1175 2438 1339 2504 miraberis

204 2549 344 2631 priorum
372 2547 527 2612 editorum
559 2552 733 2628 stuporem,
767 2549 820 2629 qui
854 2563 914 2613 non
943 2548 1235 2612 animaduerterunt
1266 2553 1340 2613 ante

205 2679 234 2724 u.
260 2662 301 2722 14
323 2657 411 2721 hiare
433 2657 615 2722 orationem.
661 2675 732 2722 nam
754 2676 824 2722 cum
852 2657 952 2744 ‘haec’¹
968 2658 1009 2721 ad
1032 2675 1069 2720 ea
1092 2675 1173 2736 quae
1195 2657 1339 2724 uersibus

206 2767 464 2833 antecedentibus
494 2767 676 2848 praedicata
713 2773 786 2832 sunt
824 2772 982 2850 spectent,
1015 2770 1124 2830 auctor
1165 2765 1339 2847 Uergilium

209 2877 370 2961 Georgica
393 2876 543 2941 Romanis
565 2877 689 2941 dedisse
719 2882 754 2941 ut
775 2895 846 2942 mox
869 2877 1065 2943 combureret
1089 2875 1183 2941 diuiti
1207 2882 1340 2958 apparet

208 3005 335 3053 uersum
364 2987 451 3052 illum
484 2993 569 3051 stare
597 3005 658 3052 non
690 3005 780 3069 posse
810 2988 869 3052 nisi
895 2986 1057 3069 praecedit
1085 2985 1234 3052 Aeneidis
1256 3005 1338 3052 com-

205 3098 398 3165 memoratio.
443 3097 475 3161 in
499 3097 547 3162 his
569 3097 670 3163 turbis
691 3098 845 3164 succurrit
866 3097 955 3163 nobis
979 3096 1011 3161 P
1028 3096 1106 3162 haec
1129 3095 1295 3164 exhibens:

308 3232 376 3286 haec
394 3229 470 3285 dedit
488 3236 517 3284 ut
534 3239 658 3301 pereant,
675 3233 763 3301 ipsum
782 3231 806 3286 si
824 3231 915 3286 dicere
932 3230 975 3286 las
994 3237 1041 3286 est.

308 3324 384 3379 illum
401 3324 490 3392 ipsum
509 3337 613 3378 aenean
630 3325 764 3404 nescisset
780 3340 858 3379 roma
874 3323 1002 3394 perennis

312 3419 393 3472 docta
410 3432 539 3472 maroneo
558 3423 669 3472 caneret
688 3417 739 3472 nisi
757 3417 858 3486 pagina
876 3431 966 3472 uersu.

207 3557 288 3621 quae
311 3539 357 3603 ita
378 3538 532 3620 accipient
554 3536 738 3614 sanitatem,
771 3537 797 3599 si
820 3555 945 3600 uersum
974 3535 1109 3617 primum
1132 3534 1244 3602 feceris
1268 3535 1342 3600 ulti-

208 3668 299 3714 mum.
346 3653 394 3714 est
416 3651 590 3727 autemut
611 3651 696 3730 puto,
722 3647 753 3712 in
776 3647 943 3728 propatulo
964 3647 1042 3712 duos
1057 3664 1166 3711 uersus
1191 3663 1288 3711 nouos
1310 3645 1341 3709 in
1428 3640 1430 3644 ’

208 3777 244 3824 eo
267 3758 453 3840 archetypo,
485 3757 569 3822 unde
593 3763 624 3822 et
647 3756 726 3822 Bet
748 3756 941 3838 Poriginem
964 3757 1129 3836 duxeruut,
1153 3755 1184 3819 in
1201 3755 1342 3836 margine

208 3855 304 3935 fuisse
326 3867 471 3948 addit0s3
501 3869 547 3932 sic
576 3868 657 3932 enim
687 3886 741 3932 cur
771 3867 798 3932 ei
824 3869 855 3932 in
880 3866 910 3931 B
932 3866 1026 3948 plane
1049 3866 1164 3945 omissi,
1187 3865 1220 3930 iu
1241 3863 1342 3929 Pau·

207 3985 270 4045 tem
299 3980 367 4044 loco
401 3979 503 4043 alieno
534 3978 643 4041 inserti
682 3977 746 4041 sint
776 3975 924 4042 facillime
954 3977 1152 4059 perspicitur.
1205 3982 1342 4040 ceterum

208 4091 306 4155 uerba
337 4090 448 4171 ‘ipsum
480 4089 506 4152 si
530 4088 640 4175 dicere
670 4087 717 4151 las
746 4087 803 4151 cst'
834 4092 919 4151 recte
953 4091 1171 4169 suspectarum
1195 4083 1342 4148 Heinsius

208 4200 485 4279 Bnrmannusque,
519 4198 572 4279 qui
595 4214 707 4279 parum
729 4203 832 4261 tamen
856 4196 961 4262 felicia
983 4196 1143 4279 protulere
1168 4195 1341 4260 conamina.
