3142 4922
156 651 160 660 ’
271 713 275 719 .
322 655 393 722 ΙΠΙ.
448 653 589 720 Catudus
627 671 651 718 c.
682 651 811 717 LXXIX
847 652 992 727 Lesbiam
1030 651 1177 718 Lesbium
1213 652 1370 734 quendam

238 767 451 846 cunnilingum
473 764 533 830 sibi
554 762 742 846 praetulisse
762 762 856 828 dicit:

393 906 509 962 Lesbius
527 911 570 960 est
585 904 715 974 pulcher:
737 904 870 972 quidni?
889 921 967 975 quem
985 905 1088 960 Lesbia
1104 905 1182 960 malit

461 1015 540 1067 quam
559 1006 586 1054 te
605 1013 665 1052 cum
682 1006 740 1053 tota
757 1003 847 1067 gente,
866 999 979 1069 Catulle,
996 1006 1052 1056 tua.

392 1093 441 1147 sed
461 1098 551 1147 tamen
568 1091 614 1146 bic
631 1090 746 1160 pulcher
764 1091 866 1146 uendat
884 1107 945 1146 cum
962 1102 1044 1162 gente
1062 1092 1205 1161 Catullum,

463 1187 485 1240 si
503 1185 558 1238 tria
574 1183 698 1240 notorum
717 1184 794 1240 sauia
812 1187 973 1254 reppererit.

239 1317 274 1380 ‘si
296 1316 428 1381 Lesbiae
457 1333 568 1380 nomen
605 1333 713 1380 uerum
743 1323 791 1381 est
822 1315 947 1396 Clodia,
982 1334 1092 1381 uerum
1121 1313 1226 1379 Lesbii
1258 1330 1369 1378 nomen

237 1424 364 1491 Clodius
388 1424 483 1490 luerit
506 1443 631 1492 necesse
654 1426 711 1490 est’
733 1425 926 1510 [Schwabius
948 1423 1095 1509 p.'13512
1128 1422 1269 1489 Clodiam
1290 1440 1368 1505 qua-

236 1536 432 1602 drantariam
463 1542 584 1601 etcum
614 1535 649 1600 P.
673 1535 781 1602 Clodio
810 1536 908 1601 fratre
931 1538 1082 1602 incestum
1106 1534 1217 1600 fecisse
1240 1538 1272 1598 et
1294 1532 1384 1632 Seu.¹

239 1648 382 1712 Clodium
404 1646 552 1728 gentilem
575 1647 777 1728 turpissimae
799 1647 954 1728 libidinis,
980 1664 1074 1727 quam
1095 1645 1207 1710 Graeci
1229 1643 1366 1724 yloooo-
1451 1672 1455 1678 ·
1488 1641 1490 1646 '

239 1770 345 1820 ποιεῖν
367 1757 521 1822 uocabulo
544 1755 734 1836 significant,
766 1757 938 1839 explendae
970 1756 1116 1821 babuisse
1146 1755 1366 1819 administrum

237 1884 275 1930 ox
307 1865 455 1932 Cicerone
488 1864 681 1948 [Schwabius
715 1885 744 1948 p.
769 1871 808 1930 62
841 1872 874 1931 et
907 1867 961 1948 90]
993 1865 1116 1930 scimus
1151 1900 1193 1910 -
1228 1867 1367 1928 ceterum

241 1975 402 2040 Schwabio
431 1975 465 2058 P.
489 1974 633 2040 Clodium
663 1974 791 2041 fratrem
825 1993 844 2040 a
876 1975 1000 2040 Catullo
1022 1974 1127 2038 Lesbii
1150 1973 1275 2038 nomine
1297 1972 1368 2039 ficto

238 2086 322 2167 carpi
347 2086 484 2150 censenti
507 2091 591 2150 recte
614 2085 776 2151 oblocutus
806 2091 854 2151 est
878 2084 1011 2151 Riesius.
1056 2083 1155 2148 multo
1178 2090 1283 2150 autem
1306 2104 1369 2150 me-

236 2196 299 2261 lius
332 2195 527 2276 intellegitur
561 2196 639 2261 illud
669 2199 772 2278 ‘quam
806 2203 837 2262 te
866 2214 934 2260 cum
966 2199 1033 2260 tota
1064 2200 1198 2276 gente,
1236 2193 1367 2276 Catulle,

236 2307 318 2386 tua'‚
350 2307 376 2370 si
400 2306 469 2372 Sex.
494 2303 637 2372 Clodium
660 2308 809 2388 gentilem
840 2325 858 2372 a
882 2305 1006 2374 Catullo
1030 2305 1091 2370 dici
1114 2306 1292 2370 statuimus.
1337 2311 1370 2370 et

235 2417 286 2482 bic
310 2421 442 2499 tantum,
465 2435 527 2482 non
547 2417 581 2481 P.
599 2416 735 2497 Clodius,
759 2423 796 2481 ut
812 2415 941 2482 Clodiae
962 2416 1160 2497 cunnilingus
1183 2433 1202 2480 a
1221 2414 1370 2482 Cicerone

235 2533 373 2592 notatur.
981 2545 985 2552 ’

320 2635 358 2700 V.
403 2635 535 2701 Lesbiae
555 2638 657 2716 imago
680 2655 699 2700 a
722 2636 845 2703 Catullo
866 2637 1005 2702 exhibita
1026 2637 1119 2719 plane
1135 2636 1278 2718 congruit
1299 2653 1370 2702 cum

122 2783 125 2788 ,
206 2735 208 2739 ’
235 2763 274 2810 ca
305 2763 399 2826 quam
437 2745 477 2810 de
515 2743 643 2811 Clodiae
681 2746 749 2811 uita
780 2747 948 2813 libidinosa
983 2748 1015 2812 in
1049 2746 1197 2813 Caeliana
1227 2746 1370 2828 depingit

238 2855 356 2922 Cicero.

323 2968 435 3050 Itaque
457 2969 651 3048 argumentis
680 2971 729 3034 sat
752 2969 830 3034 tutis
852 2968 994 3032 stabilita
1024 2974 1055 3032 et
1085 2969 1125 3032 ad
1155 2985 1226 3032 eum
1255 2966 1369 3048 proba-

237 3078 370 3144 bilitatis
393 3079 540 3159 gradum,
571 3079 610 3144 ad
635 3097 727 3160 quem
750 3079 828 3144 tales
851 3057 1050 3160 quaestiones
1078 3078 1234 3144 adducere
1256 3095 1368 3160 possu-

238 3208 318 3270 mus,
343 3189 486 3254 adducta·
501 3189 577 3253 mihi
599 3191 727 3255 uidetur
749 3190 889 3254 uirorum
912 3190 1073 3254 doctorum
1096 3189 1251 3254 sententia
1269 3184 1369 3252 'unam

237 3299 432 3378 eandemque
468 3299 614 3363 feminam
647 3319 714 3365 esse
743 3300 888 3365 Lesbiam
919 3299 1128 3365 Catullianam
1162 3305 1194 3365 et
1226 3299 1368 3366 Clodium

237 3407 495 3489 quadrantariam
518 3409 756 3491 censentium*).

302 3629 327 3698 *l
345 3629 475 3686 nonnulla
498 3645 568 3697 quae
590 3630 739 3686 sententiae
762 3631 834 3686 illius
856 3630 1061 3700 impugnatores
1085 3631 1258 3700 protulerunt
1280 3631 1369 3685 sciens

233 3723 409 3791 prudensque
436 3723 528 3790 omisi3
553 3724 638 3778 ueluti
663 3739 732 3792 quae
758 3723 866 3778 Riesius
894 3725 926 3778 de
950 3723 1024 3778 Rufo
1039 3732 1067 3778 et
1093 3723 1185 3780 Caelio
1211 3723 1369 3780 Catullianis

233 3817 391 3886 disputauit.
427 3833 555 3872 nameus
574 3818 642 3872 duos
661 3833 720 3872 esse
740 3817 862 3873 homines
880 3817 961 3886 plane
980 3817 1104 3872 diuersos
1123 3816 1203 3872 facile
1226 3819 1369 3887 unusquis·

234 3926 287 3978 que
307 3909 449 3978 intellegit.
485 3927 573 3979 neque
599 3927 664 3966 uero
690 3911 855 3966 refutatione
873 3910 982 3980 dignum
1008 3918 1050 3966 est
1079 3912 1151 3978 quod
1177 3911 1368 3966 Broukhusius

234 4019 267 4058 ex
286 4019 308 4058 c.
326 4003 442 4058 LXVIII
468 4021 493 4058 u.
519 4008 568 4059 142
593 4005 627 4060 de
656 4004 772 4060 Lesbiae
797 4011 876 4072 patre
905 4004 1053 4073 conclusit;
1080 4021 1141 4058 nam
1168 4005 1245 4058 locus
1272 4005 1319 4058 illc
1339 4011 1369 4059 ut

233 4106 328 4166 aperte
345 4099 491 4154 lacunosus
509 4100 548 4154 ita
567 4106 712 4166 corruptus
731 4105 781 4152 est.

702 4257 906 4264 ——-.-...—.—
