3142 4922
809 449 848 508 56

259 635 380 698 uaeque
403 616 522 698 ubique
553 619 734 696 orerentur,
769 616 910 681 ultimam
940 616 1068 681 deorum
1099 620 1200 680 terras
1232 613 1404 696 reliquisse

260 733 402 792 ueterum
418 727 543 792 tabulae
561 732 699 790 narrant.
732 730 763 789 et
779 730 942 807 tantopere
966 726 1005 790 ab
1022 724 1113 790 huius
1131 726 1266 791 numinis
1281 729 1403 790 natura

260 843 355 919 atque
378 836 482 901 indole
514 835 684 900 abhorrent
706 836 843 918 proelia,
874 841 909 900 ut
939 835 1027 900 nullo
1055 841 1147 916 paeto
1177 835 1233 900 illa
1262 840 1404 917 apoeta

265 949 400 1029 quodam
424 953 581 1029 tamquam
603 965 751 1029 praeseus
774 945 958 1010 bellantium
986 946 1125 1010 uirorum
1148 944 1303 1010 hortatrix
1320 943 1403 1026 fingi

261 1059 410 1141 potuerit.
455 1060 562 1139 itaque
595 1076 655 1121 uou
680 1056 788 1122 dubito
814 1057 887 1137 quin
917 1073 1035 1119 merum
1058 1054 1258 1119 librariorum
1283 1056 1402 1121 uitium

260 1167 368 1233 subsit.
415 1186 475 1232 non
499 1166 594 1231 habet
617 1171 721 1231 autem
744 1166 846 1232 altera
863 1166 952 1246 uirgo
975 1165 1025 1229 hie
1049 1164 1148 1229 locum
1173 1183 1267 1245 quam
1284 1165 1400 1230 Diana.

261 1297 330 1344 curu
353 1279 451 1358 igitur
477 1276 507 1341 G
531 1276 693 1357 barusim,
730 1276 759 1339 0
781 1281 885 1340 autem
911 1276 1077 1339 ‘ramnusia
1099 1276 1288 1357 praebeant,
1319 1278 1401 1342 seri-

258 1377 393 1455 benduur
423 1394 499 1469 puto
530 1389 594 1451 ‘aut
622 1387 725 1470 rapidi
748 1386 885 1451 Tritonis
910 1403 964 1451 era
990 1391 1045 1450 aut
1069 1385 1260 1450 Amardusio
1283 1388 1399 1468 uirgo'.

346 1498 421 1562 ibid.
445 1502 579 1578 401sq.:

479 1623 586 1693 optauit
606 1622 712 1692 genitor
731 1621 864 1691 primaeui
881 1621 978 1676 funera
998 1621 1055 1675 uati

477 1716 550 1774 liber
567 1722 598 1771 ut
615 1717 746 1784 innuptae
763 1720 904 1783 poteratur
920 1713 988 1771 flore
1010 1729 1153 1768 nouercae.

259 1849 340 1912 quaa
369 1831 466 1894 uerba
496 1830 579 1895 haud
609 1849 671 1895 uno
700 1830 778 1894 uitio
801 1829 965 1911 inquinata
994 1833 1074 1893 snut.
1119 1828 1253 1909 primum
1277 1838 1383 1896 autem

259 1941 363 2022 siquid
385 1941 486 2021 aliud,
520 1943 661 2023 ineptum
686 1946 733 2005 est
753 1939 830 2004 illud
856 1938 1006 2021 ‘optauit’.
1052 1939 1127 2019 quid
1148 1939 1231 2004 euim
1253 1946 1335 2022 tum,
1369 1945 1397 2007 si

260 2053 327 2116 uoti
351 2071 412 2116 uon
435 2070 560 2133 compos
581 2051 774 2116 reddebatur
797 2055 897 2132 pater,
921 2051 948 2115 si
971 2050 1051 2114 uixit
1071 2049 1235 2130 uiguitque
1254 2049 1396 2117 filiolus?

258 2161 375 2242 optime
398 2161 537 2226 Achilles
561 2160 681 2226 Statius
704 2163 899 2242 comparauit
921 2158 1052 2225 Salustii
1073 2159 1175 2225 locum
1200 2159 1282 2243 [Get.
1297 2166 1345 2242 15,
1361 2163 1394 2247 2]

260 2275 426 2354 ‘postremo
457 2276 567 2353 eaptus
599 2289 705 2334 amore
729 2270 876 2334 Aureliae
905 2269 1071 2335 Orestillae
1165 2271 1248 2352 quod
1277 2290 1314 2336 ea
1337 2291 1394 2338 nu-

260 2383 337 2447 bere
360 2381 406 2446 illi
430 2381 595 2446 dubitabat
618 2381 730 2446 timeus
752 2381 932 2463 priuignum
956 2382 1063 2446 adulta
1088 2386 1202 2461 aetate,
1226 2401 1284 2462 pro
1308 2388 1393 2447 certo

259 2491 396 2558 ereditur
420 2497 530 2558 necato
553 2489 616 2557 filio
641 2511 771 2556 uacuam
796 2492 919 2582 domum
951 2492 1090 2557 scelestis
1122 2493 1240 2573 nuptiis
1263 2491 1391 2558 fecisse’.

262 2603 489 2684 nequehercle
520 2603 593 2685 quid
624 2603 799 2685 optauerit,
834 2603 888 2667 sed
918 2603 992 2684 quid
1025 2602 1135 2667 feeerit
1163 2604 1286 2684 genitor
1312 2605 1392 2668 scire

259 2715 408 2795 cupimus,
461 2713 658 2778 scribendum
694 2720 741 2778 est
773 2721 882 2796 aperte
913 2709 1060 2795 ‘patrabit
1092 2713 1233 2794 geuitor’.
1279 2714 1391 2779 deinde

256 2841 350 2890 uersu
382 2825 481 2888 altero
511 2828 547 2888 ut
573 2824 742 2907 ‘innuptae'
774 2825 819 2888 ita
852 2824 1023 2889 ‘nouercae’
1053 2825 1187 2906 pessime
1222 2843 1256 2888 se
1286 2824 1388 2890 habet.

260 2951 361 3015 neque
385 2934 467 2998 enim
490 2931 632 2997 Catullus
654 2952 760 2999 uocem
785 2934 952 3016 ‘innuptus’
975 2934 1068 2998 aliter
1098 2952 1190 3015 quam
1212 2935 1271 3000 hac
1294 2936 1389 3016 sigul-

255 3042 400 3109 ficatione
424 3043 573 3124 ‘coniugis
598 3043 718 3125 expers’
740 3042 876 3109 adhibet.
921 3062 1014 3125 porro
1043 3045 1069 3108 si
1092 3045 1223 3110 sublatis
1246 3064 1263 3110 e
1287 3047 1387 3111 medio

256 3153 362 3219 liberis
383 3173 401 3218 e
423 3153 528 3235 priore
552 3171 647 3217 uxore
667 3154 780 3232 genitis
803 3171 932 3218 uacuam
956 3154 1138 3219 reddiderat
1153 3155 1277 3221 domum
1299 3161 1388 3240 pater

255 3265 420 3350 scelestus,
453 3283 566 3328 nouam
604 3282 696 3345 quam
731 3265 819 3330 duxit
850 3283 977 3330 uxorem
1011 3284 1072 3330 uon
1103 3284 1268 3332 nouercam
1301 3268 1383 3334 feeit.

193 3453 195 3458 Ι
254 3375 362 3455 itaque
385 3393 454 3455 uos,
478 3376 532 3456 qni
555 3375 762 3457 interpretum
785 3373 918 3441 artificia
941 3394 1047 3441 omues
1071 3393 1169 3456 nugas
1192 3379 1382 3443 atrocissime

255 3484 510 3550 defensitautium
534 3485 610 3549 nihil
633 3486 726 3568 plane
743 3504 895 3566 curamus,
917 3487 994 3551 haee
1016 3491 1164 3568 corrupta
1186 3505 1253 3552 esse
1276 3491 1385 3555 statui-

255 3613 331 3657 runs,
377 3613 448 3657 nam
472 3593 627 3674 Catullus⁷
653 3601 687 3659 ut
710 3603 778 3661 erat
801 3597 1022 3678 simplicissimi
1044 3598 1161 3678 ingenii
1184 3597 1292 3678 homo,
1324 3601 1384 3666 tale

254 3705 329 3786 qnid
353 3705 500 3770 dederat:
531 3710 566 3769 ut
595 3706 635 3769 ab
662 3705 720 3771 hae
741 3711 832 3789 parte
855 3707 937 3771 liber
960 3726 1071 3772 nouam
1096 3707 1224 3794 duceret
1249 3729 1382 3776 uxorem.

251 3815 368 3880 scribe:
394 3815 552 3900 ‘patravit
582 3817 706 3898 genitor
727 3818 879 3898 primaeui
910 3819 1021 3883 lunera
1043 3820 1123 3899 nati,
1155 3819 1235 3884 liber
1258 3827 1293 3885 ut
1313 3821 1383 3886 biae

255 3932 372 4006 nuptae
394 3929 557 4006 poteretur
577 3925 652 3992 ilore
676 3927 840 3993 nouellae’.
885 3934 917 3993 et
942 3929 1031 3994 decet
1056 3930 1217 3994 ‘uouellus’
1243 3932 1382 3997 110an-

250 4035 361 4100 tullum
385 4035 646 4103 deminutiuorum
670 4040 925 4104 amantissimum.

335 4144 436 4210 LXVI
460 4149 591 4228 ldsqq.:
