<?xml version="1.0" encoding="UTF-8"?>
<!DOCTYPE html PUBLIC "-//W3C//DTD XHTML 1.0 Transitional//EN"
    "http://www.w3.org/TR/xhtml1/DTD/xhtml1-transitional.dtd">
<html xmlns="http://www.w3.org/1999/xhtml" xml:lang="en" lang="en">
 <head>
  <title>
</title>
<meta http-equiv="Content-Type" content="text/html;charset=utf-8" />
  <meta name='ocr-system' content='tesseract 3.04.00' />
  <meta name='ocr-capabilities' content='ocr_page ocr_carea ocr_par ocr_line ocrx_word'/>
</head>
<body>
  <div class='ocr_page' id='page_1' title='image "./analectacatulli00baehgoog/analectacatulli00baehgoog_0011.png"; bbox 0 0 3142 4922; ppageno 0'>
   <div class='ocr_carea' id='block_1_1' title="bbox 759 435 778 498">
    <p class='ocr_par' dir='ltr' id='par_1_1' title="bbox 759 435 778 498">
     <span class='ocr_line' id='line_1_1' title="bbox 759 435 778 498; baseline 0 0"><span class='ocrx_word' id='word_1_1' title='bbox 759 435 778 498; x_wconf 82' lang='lat' dir='ltr'><strong>d</strong></span> 
     </span>
    </p>
   </div>
   <div class='ocr_carea' id='block_1_2' title="bbox 203 599 1415 902">
    <p class='ocr_par' dir='ltr' id='par_1_2' title="bbox 203 599 1415 902">
     <span class='ocr_line' id='line_1_2' title="bbox 203 599 1415 696; baseline -0.002 -28"><span class='ocrx_word' id='word_1_2' title='bbox 203 603 351 670; x_wconf 82' lang='lat' dir='ltr'><strong>Lesbiam</strong></span> <span class='ocrx_word' id='word_1_3' title='bbox 374 621 468 668; x_wconf 89' lang='lat' dir='ltr'><strong>unam</strong></span> <span class='ocrx_word' id='word_1_4' title='bbox 503 621 523 669; x_wconf 90' lang='lat' dir='ltr'><strong>a</strong></span> <span class='ocrx_word' id='word_1_5' title='bbox 552 621 587 669; x_wconf 89' lang='lat' dir='ltr'><strong>se</strong></span> <span class='ocrx_word' id='word_1_6' title='bbox 622 619 698 668; x_wconf 86' lang='lat' dir='ltr'><strong>uere</strong></span> <span class='ocrx_word' id='word_1_7' title='bbox 727 607 863 668; x_wconf 90' lang='lat' dir='ltr'><strong>amatam</strong></span> <span class='ocrx_word' id='word_1_8' title='bbox 896 619 965 667; x_wconf 83' lang='lat' dir='ltr'><strong>esse</strong></span> <span class='ocrx_word' id='word_1_9' title='bbox 994 599 1173 666; x_wconf 89' lang='lat' dir='ltr'><strong>diffidamus</strong></span> <span class='ocrx_word' id='word_1_10' title='bbox 1204 617 1336 682; x_wconf 86' lang='lat' dir='ltr'><strong>cumque</strong></span> <span class='ocrx_word' id='word_1_11' title='bbox 1411 689 1415 696; x_wconf 24' lang='lat'>¹</span> 
     </span>
     <span class='ocr_line' id='line_1_3' title="bbox 203 695 1336 795; baseline -0.004 -17"><span class='ocrx_word' id='word_1_12' title='bbox 203 714 290 778; x_wconf 93' lang='lat' dir='ltr'><strong>nulla</strong></span> <span class='ocrx_word' id='word_1_13' title='bbox 299 718 443 779; x_wconf 88' lang='lat' dir='ltr'><strong>occurrat</strong></span> <span class='ocrx_word' id='word_1_14' title='bbox 456 712 581 793; x_wconf 81' lang='lat' dir='ltr'><strong>femina,</strong></span> <span class='ocrx_word' id='word_1_15' title='bbox 593 695 633 778; x_wconf 88' lang='lat' dir='ltr'><strong>ad</strong></span> <span class='ocrx_word' id='word_1_16' title='bbox 642 731 735 795; x_wconf 88' lang='lat' dir='ltr'><strong>quarn</strong></span> <span class='ocrx_word' id='word_1_17' title='bbox 749 730 873 778; x_wconf 88' lang='lat' dir='ltr'><strong>carmen</strong></span> <span class='ocrx_word' id='word_1_18' title='bbox 881 709 1028 776; x_wconf 80' lang='lat' dir='ltr'><strong>LllVlllb</strong></span> <span class='ocrx_word' id='word_1_19' title='bbox 1043 709 1163 776; x_wconf 86' lang='lat' dir='ltr'><strong>referre</strong></span> <span class='ocrx_word' id='word_1_20' title='bbox 1172 711 1336 792; x_wconf 90' lang='lat' dir='ltr'><strong>possimus,</strong></span> 
     </span>
     <span class='ocr_line' id='line_1_4' title="bbox 204 819 1337 902; baseline -0.004 -14"><span class='ocrx_word' id='word_1_21' title='bbox 204 841 274 890; x_wconf 88' lang='lat' dir='ltr'><strong>meo</strong></span> <span class='ocrx_word' id='word_1_22' title='bbox 295 822 373 888; x_wconf 90' lang='lat' dir='ltr'><strong>mihi</strong></span> <span class='ocrx_word' id='word_1_23' title='bbox 396 824 464 891; x_wconf 87' lang='lat' dir='ltr'><strong>iure</strong></span> <span class='ocrx_word' id='word_1_24' title='bbox 485 823 643 889; x_wconf 85' lang='lat' dir='ltr'><strong>sententia</strong></span> <span class='ocrx_word' id='word_1_25' title='bbox 665 837 771 888; x_wconf 91' lang='lat' dir='ltr'><strong>eorum</strong></span> <span class='ocrx_word' id='word_1_26' title='bbox 794 828 879 888; x_wconf 88' lang='lat' dir='ltr'><strong>stare</strong></span> <span class='ocrx_word' id='word_1_27' title='bbox 902 823 1010 887; x_wconf 90' lang='lat' dir='ltr'><strong>uideor</strong></span> <span class='ocrx_word' id='word_1_28' title='bbox 1033 822 1086 902; x_wconf 90' lang='lat' dir='ltr'><strong>qni</strong></span> <span class='ocrx_word' id='word_1_29' title='bbox 1112 819 1248 902; x_wconf 89' lang='lat' dir='ltr'><strong>puellam</strong></span> <span class='ocrx_word' id='word_1_30' title='bbox 1271 837 1337 886; x_wconf 87' lang='lat' dir='ltr'><strong>car-</strong></span> 
     </span>
    </p>
   </div>
   <div class='ocr_carea' id='block_1_3' title="bbox 83 929 1337 1010">
    <p class='ocr_par' dir='ltr' id='par_1_3' title="bbox 83 929 1337 1010">
     <span class='ocr_line' id='line_1_5' title="bbox 83 929 1337 1010; baseline -0.006 -9"><span class='ocrx_word' id='word_1_31' title='bbox 83 991 90 1010; x_wconf 74' lang='grc'><em>,</em></span> <span class='ocrx_word' id='word_1_32' title='bbox 205 935 287 1000; x_wconf 88' lang='lat' dir='ltr'><strong>mine</strong></span> <span class='ocrx_word' id='word_1_33' title='bbox 319 932 374 998; x_wconf 91' lang='lat' dir='ltr'><strong>illo</strong></span> <span class='ocrx_word' id='word_1_34' title='bbox 407 932 596 998; x_wconf 78' lang='lat' dir='ltr'>celebratam</span> <span class='ocrx_word' id='word_1_35' title='bbox 628 951 696 998; x_wconf 87' lang='lat' dir='ltr'><strong>esse</strong></span> <span class='ocrx_word' id='word_1_36' title='bbox 724 933 869 999; x_wconf 81' lang='lat' dir='ltr'><strong>Lesbiam</strong></span> <span class='ocrx_word' id='word_1_37' title='bbox 898 932 1067 1002; x_wconf 85' lang='lat' dir='ltr'><strong>dixerunt.¹</strong></span> <span class='ocrx_word' id='word_1_38' title='bbox 1099 948 1172 996; x_wconf 90' lang='lat' dir='ltr'><strong>narn</strong></span> <span class='ocrx_word' id='word_1_39' title='bbox 1198 929 1337 1004; x_wconf 84' lang='lat' dir='ltr'><strong>Riesium</strong></span> 
     </span>
    </p>
   </div>
   <div class='ocr_carea' id='block_1_4' title="bbox 203 1039 1339 1352">
    <p class='ocr_par' dir='ltr' id='par_1_4' title="bbox 203 1039 1339 1352">
     <span class='ocr_line' id='line_1_6' title="bbox 203 1039 1338 1127; baseline -0.003 -20"><span class='ocrx_word' id='word_1_40' title='bbox 203 1043 282 1110; x_wconf 89' lang='lat' dir='ltr'><strong>haec</strong></span> <span class='ocrx_word' id='word_1_41' title='bbox 302 1041 345 1127; x_wconf 90' lang='lat' dir='ltr'><strong>[p.</strong></span> <span class='ocrx_word' id='word_1_42' title='bbox 362 1041 438 1126; x_wconf 78' lang='lat'>753]</span> <span class='ocrx_word' id='word_1_43' title='bbox 453 1039 650 1108; x_wconf 89' lang='lat' dir='ltr'><strong>afferentem:</strong></span> <span class='ocrx_word' id='word_1_44' title='bbox 682 1043 726 1108; x_wconf 90' lang='lat' dir='ltr'><strong>’es</strong></span> <span class='ocrx_word' id='word_1_45' title='bbox 739 1041 881 1109; x_wconf 89' lang='lat' dir='ltr'><strong>herrscht</strong></span> <span class='ocrx_word' id='word_1_46' title='bbox 899 1041 967 1108; x_wconf 87' lang='lat' dir='ltr'><strong>hier</strong></span> <span class='ocrx_word' id='word_1_47' title='bbox 989 1042 1039 1108; x_wconf 87' lang='lat' dir='ltr'><strong>ein</strong></span> <span class='ocrx_word' id='word_1_48' title='bbox 1062 1041 1124 1106; x_wconf 87' lang='lat' dir='ltr'><strong>viel</strong></span> <span class='ocrx_word' id='word_1_49' title='bbox 1141 1040 1338 1108; x_wconf 81' lang='lat' dir='ltr'><strong>lbsslicherer</strong></span> 
     </span>
     <span class='ocr_line' id='line_1_7' title="bbox 206 1149 1338 1240; baseline -0.004 -20"><span class='ocrx_word' id='word_1_50' title='bbox 206 1155 283 1235; x_wconf 87' lang='lat' dir='ltr'><strong>Tou,</strong></span> <span class='ocrx_word' id='word_1_51' title='bbox 306 1151 458 1240; x_wconf 85' lang='lat' dir='ltr'><strong>vielmehr</strong></span> <span class='ocrx_word' id='word_1_52' title='bbox 481 1152 532 1218; x_wconf 87' lang='lat' dir='ltr'><strong>die</strong></span> <span class='ocrx_word' id='word_1_53' title='bbox 555 1150 738 1233; x_wconf 86' lang='lat' dir='ltr'><strong>Gesinnnng</strong></span> <span class='ocrx_word' id='word_1_54' title='bbox 759 1153 813 1219; x_wconf 91' lang='lat' dir='ltr'><strong>des</strong></span> <span class='ocrx_word' id='word_1_55' title='bbox 837 1151 938 1218; x_wconf 89' lang='lat' dir='ltr'><strong>‘leben</strong></span> <span class='ocrx_word' id='word_1_56' title='bbox 958 1150 1023 1216; x_wconf 90' lang='lat' dir='ltr'><strong>und</strong></span> <span class='ocrx_word' id='word_1_57' title='bbox 1041 1149 1133 1216; x_wconf 88' lang='lat' dir='ltr'><strong>leben</strong></span> <span class='ocrx_word' id='word_1_58' title='bbox 1155 1149 1268 1218; x_wconf 86' lang='lat' dir='ltr'><strong>lassen’</strong></span> <span class='ocrx_word' id='word_1_59' title='bbox 1291 1150 1338 1215; x_wconf 90' lang='lat' dir='ltr'><strong>als</strong></span> 
     </span>
     <span class='ocr_line' id='line_1_8' title="bbox 205 1259 1339 1352; baseline -0.004 -22"><span class='ocrx_word' id='word_1_60' title='bbox 205 1265 278 1352; x_wconf 81' lang='lat' dir='ltr'><strong>dass</strong></span> <span class='ocrx_word' id='word_1_61' title='bbox 300 1281 334 1329; x_wconf 91' lang='lat' dir='ltr'><strong>es</strong></span> <span class='ocrx_word' id='word_1_62' title='bbox 355 1262 421 1328; x_wconf 88' lang='lat' dir='ltr'><strong>sich</strong></span> <span class='ocrx_word' id='word_1_63' title='bbox 444 1279 501 1326; x_wconf 90' lang='lat' dir='ltr'><strong>aus</strong></span> <span class='ocrx_word' id='word_1_64' title='bbox 525 1261 580 1326; x_wconf 91' lang='lat' dir='ltr'><strong>der</strong></span> <span class='ocrx_word' id='word_1_65' title='bbox 601 1261 671 1326; x_wconf 88' lang='lat' dir='ltr'><strong>Zeit</strong></span> <span class='ocrx_word' id='word_1_66' title='bbox 694 1262 750 1328; x_wconf 90' lang='lat' dir='ltr'><strong>der</strong></span> <span class='ocrx_word' id='word_1_67' title='bbox 772 1262 895 1326; x_wconf 87' lang='lat' dir='ltr'><strong>heissen</strong></span> <span class='ocrx_word' id='word_1_68' title='bbox 912 1259 1008 1330; x_wconf 89' lang='lat' dir='ltr'><strong>Liebe</strong></span> <span class='ocrx_word' id='word_1_69' title='bbox 1028 1279 1067 1324; x_wconf 80' lang='lat' dir='ltr'><strong>zu</strong></span> <span class='ocrx_word' id='word_1_70' title='bbox 1088 1259 1203 1326; x_wconf 91' lang='lat' dir='ltr'><strong>Lesbia</strong></span> <span class='ocrx_word' id='word_1_71' title='bbox 1224 1260 1339 1326; x_wconf 88' lang='lat' dir='ltr'><strong>heraus</strong></span> 
     </span>
    </p>
   </div>
   <div class='ocr_carea' id='block_1_5' title="bbox 111 1365 1339 1438">
    <p class='ocr_par' dir='ltr' id='par_1_5' title="bbox 111 1365 1339 1438">
     <span class='ocr_line' id='line_1_9' title="bbox 111 1365 1339 1438; baseline -0.002 0"><span class='ocrx_word' id='word_1_72' title='bbox 111 1415 112 1418; x_wconf 56' lang='lat'><em>=</em></span> <span class='ocrx_word' id='word_1_73' title='bbox 203 1372 300 1438; x_wconf 91' lang='lat' dir='ltr'><strong>leioht</strong></span> <span class='ocrx_word' id='word_1_74' title='bbox 321 1365 466 1438; x_wconf 78' lang='lat' dir='ltr'><strong>erkltren</strong></span> <span class='ocrx_word' id='word_1_75' title='bbox 497 1370 562 1435; x_wconf 91' lang='lat' dir='ltr'><strong>uud</strong></span> <span class='ocrx_word' id='word_1_76' title='bbox 591 1372 649 1436; x_wconf 92' lang='lat' dir='ltr'><strong>mit</strong></span> <span class='ocrx_word' id='word_1_77' title='bbox 679 1372 749 1436; x_wconf 89' lang='lat' dir='ltr'><strong>dem</strong></span> <span class='ocrx_word' id='word_1_78' title='bbox 772 1371 837 1436; x_wconf 86' lang='lat' dir='ltr'><strong>Tou</strong></span> <span class='ocrx_word' id='word_1_79' title='bbox 868 1371 926 1438; x_wconf 88' lang='lat' dir='ltr'><strong>der</strong></span> <span class='ocrx_word' id='word_1_80' title='bbox 951 1370 1093 1436; x_wconf 87' lang='lat' dir='ltr'><strong>anderen</strong></span> <span class='ocrx_word' id='word_1_81' title='bbox 1124 1369 1339 1438; x_wconf 86' lang='lat' dir='ltr'><strong>Lesbialieder</strong></span> 
     </span>
    </p>
   </div>
   <div class='ocr_carea' id='block_1_6' title="bbox 205 1480 1340 2005">
    <p class='ocr_par' dir='ltr' id='par_1_6' title="bbox 205 1480 1338 1673">
     <span class='ocr_line' id='line_1_10' title="bbox 205 1480 1338 1564; baseline 0.003 -16"><span class='ocrx_word' id='word_1_82' title='bbox 205 1483 385 1564; x_wconf 84' lang='lat' dir='ltr'><strong>vereinigen</strong></span> <span class='ocrx_word' id='word_1_83' title='bbox 407 1481 493 1546; x_wconf 86' lang='lat' dir='ltr'><strong>liese&#39;</strong></span> <span class='ocrx_word' id='word_1_84' title='bbox 516 1480 594 1545; x_wconf 88' lang='lat' dir='ltr'>nihil</span> <span class='ocrx_word' id='word_1_85' title='bbox 616 1481 709 1562; x_wconf 91' lang='lat' dir='ltr'><strong>plane</strong></span> <span class='ocrx_word' id='word_1_86' title='bbox 731 1500 852 1562; x_wconf 90' lang='lat' dir='ltr'><strong>moror;</strong></span> <span class='ocrx_word' id='word_1_87' title='bbox 876 1500 948 1546; x_wconf 85' lang='lat' dir='ltr'><strong>narn</strong></span> <span class='ocrx_word' id='word_1_88' title='bbox 963 1499 1091 1563; x_wconf 89' lang='lat' dir='ltr'><strong>prorsus</strong></span> <span class='ocrx_word' id='word_1_89' title='bbox 1111 1481 1203 1547; x_wconf 86' lang='lat' dir='ltr'><strong>aliter</strong></span> <span class='ocrx_word' id='word_1_90' title='bbox 1225 1481 1265 1548; x_wconf 92' lang='lat' dir='ltr'><strong>de</strong></span> <span class='ocrx_word' id='word_1_91' title='bbox 1279 1481 1338 1551; x_wconf 83' lang='lat' dir='ltr'><strong>hnc</strong></span> 
     </span>
     <span class='ocr_line' id='line_1_11' title="bbox 206 1591 923 1673; baseline -0.008 -13"><span class='ocrx_word' id='word_1_92' title='bbox 206 1594 344 1660; x_wconf 82' lang='lat' dir='ltr'><strong>carmine</strong></span> <span class='ocrx_word' id='word_1_93' title='bbox 367 1596 399 1657; x_wconf 89' lang='lat' dir='ltr'><strong>et</strong></span> <span class='ocrx_word' id='word_1_94' title='bbox 421 1591 600 1673; x_wconf 83' lang='lat' dir='ltr'><strong>egosentio</strong></span> <span class='ocrx_word' id='word_1_95' title='bbox 619 1596 651 1657; x_wconf 90' lang='lat' dir='ltr'><strong>et</strong></span> <span class='ocrx_word' id='word_1_96' title='bbox 673 1597 838 1658; x_wconf 86' lang='lat' dir='ltr'><strong>senserunt</strong></span> <span class='ocrx_word' id='word_1_97' title='bbox 859 1592 923 1658; x_wconf 89' lang='lat' dir='ltr'><strong>alii.</strong></span> 
     </span>
    </p>

    <p class='ocr_par' dir='ltr' id='par_1_7' title="bbox 206 1700 1340 2005">
     <span class='ocr_line' id='line_1_12' title="bbox 292 1700 1340 1784; baseline 0.001 -17"><span class='ocrx_word' id='word_1_98' title='bbox 292 1703 350 1768; x_wconf 89' lang='lat' dir='ltr'><strong>His</strong></span> <span class='ocrx_word' id='word_1_99' title='bbox 372 1703 553 1784; x_wconf 82' lang='lat' dir='ltr'><strong>praemissis</strong></span> <span class='ocrx_word' id='word_1_100' title='bbox 583 1702 645 1766; x_wconf 88' lang='lat' dir='ltr'><strong>iam</strong></span> <span class='ocrx_word' id='word_1_101' title='bbox 676 1701 754 1767; x_wconf 88' lang='lat' dir='ltr'><strong>nihil</strong></span> <span class='ocrx_word' id='word_1_102' title='bbox 784 1701 888 1768; x_wconf 85' lang='lat' dir='ltr'><strong>obstat</strong></span> <span class='ocrx_word' id='word_1_103' title='bbox 909 1702 1074 1784; x_wconf 88' lang='lat' dir='ltr'><strong>quominus</strong></span> <span class='ocrx_word' id='word_1_104' title='bbox 1107 1700 1241 1767; x_wconf 87' lang='lat' dir='ltr'><strong>Lesbiae</strong></span> <span class='ocrx_word' id='word_1_105' title='bbox 1270 1719 1340 1770; x_wconf 86' lang='lat' dir='ltr'><strong>cum</strong></span> 
     </span>
     <span class='ocr_line' id='line_1_13' title="bbox 206 1811 1339 1893; baseline -0.001 -15"><span class='ocrx_word' id='word_1_106' title='bbox 206 1811 330 1879; x_wconf 84' lang='lat' dir='ltr'><strong>Catullo</strong></span> <span class='ocrx_word' id='word_1_107' title='bbox 347 1830 484 1879; x_wconf 90' lang='lat' dir='ltr'><strong>amorem</strong></span> <span class='ocrx_word' id='word_1_108' title='bbox 500 1812 676 1878; x_wconf 86' lang='lat' dir='ltr'><strong>accuratius</strong></span> <span class='ocrx_word' id='word_1_109' title='bbox 692 1829 926 1893; x_wconf 84' lang='lat' dir='ltr'><strong>persequamur.</strong></span> <span class='ocrx_word' id='word_1_110' title='bbox 971 1812 1068 1878; x_wconf 84' lang='lat' dir='ltr'><strong>luisse</strong></span> <span class='ocrx_word' id='word_1_111' title='bbox 1091 1830 1159 1878; x_wconf 87' lang='lat' dir='ltr'><strong>earn</strong></span> <span class='ocrx_word' id='word_1_112' title='bbox 1178 1811 1339 1878; x_wconf 88' lang='lat' dir='ltr'><strong>mulierem</strong></span> 
     </span>
     <span class='ocr_line' id='line_1_14' title="bbox 207 1921 1159 2005; baseline 0 -18"><span class='ocrx_word' id='word_1_113' title='bbox 207 1928 338 2005; x_wconf 89' lang='lat' dir='ltr'><strong>nuptam</strong></span> <span class='ocrx_word' id='word_1_114' title='bbox 361 1923 429 2005; x_wconf 88' lang='lat' dir='ltr'><strong>ipse</strong></span> <span class='ocrx_word' id='word_1_115' title='bbox 450 1927 545 2005; x_wconf 93' lang='lat' dir='ltr'><strong>poeta</strong></span> <span class='ocrx_word' id='word_1_116' title='bbox 563 1921 718 2004; x_wconf 83' lang='lat' dir='ltr'><strong>significat</strong></span> <span class='ocrx_word' id='word_1_117' title='bbox 740 1941 764 1990; x_wconf 86' lang='lat' dir='ltr'><strong>a.</strong></span> <span class='ocrx_word' id='word_1_118' title='bbox 788 1921 946 2004; x_wconf 74' lang='lat' dir='ltr'><strong>LXVIIIb,</strong></span> <span class='ocrx_word' id='word_1_119' title='bbox 971 1942 1000 1987; x_wconf 90' lang='lat' dir='ltr'><strong>n.</strong></span> <span class='ocrx_word' id='word_1_120' title='bbox 1025 1927 1159 2004; x_wconf 77' lang='lat' dir='ltr'><strong>olsqq.:</strong></span> 
     </span>
    </p>
   </div>
   <div class='ocr_carea' id='block_1_7' title="bbox 206 2053 1342 2992">
    <p class='ocr_par' dir='ltr' id='par_1_8' title="bbox 206 2053 1342 2992">
     <span class='ocr_line' id='line_1_15' title="bbox 258 2053 1144 2125; baseline 0 -15"><span class='ocrx_word' id='word_1_121' title='bbox 258 2057 270 2082; x_wconf 73' lang='lat'>⁸</span> <span class='ocrx_word' id='word_1_122' title='bbox 361 2070 425 2110; x_wconf 89' lang='lat' dir='ltr'><strong>nam</strong></span> <span class='ocrx_word' id='word_1_123' title='bbox 442 2055 508 2109; x_wconf 90' lang='lat' dir='ltr'><strong>mihi</strong></span> <span class='ocrx_word' id='word_1_124' title='bbox 527 2071 607 2124; x_wconf 85' lang='lat' dir='ltr'><strong>quam</strong></span> <span class='ocrx_word' id='word_1_125' title='bbox 626 2053 731 2110; x_wconf 88' lang='lat' dir='ltr'><strong>dede&#39;rit</strong></span> <span class='ocrx_word' id='word_1_126' title='bbox 750 2056 851 2125; x_wconf 86' lang='lat' dir='ltr'><strong>duplex</strong></span> <span class='ocrx_word' id='word_1_127' title='bbox 869 2055 1032 2112; x_wconf 84' lang='lat' dir='ltr'><strong>Amathusia</strong></span> <span class='ocrx_word' id='word_1_128' title='bbox 1052 2071 1144 2111; x_wconf 87' lang='lat' dir='ltr'><strong>curam</strong></span> 
     </span>
     <span class='ocr_line' id='line_1_16' title="bbox 431 2147 1009 2219; baseline 0.003 -17"><span class='ocrx_word' id='word_1_129' title='bbox 431 2147 506 2204; x_wconf 86' lang='lat' dir='ltr'><strong>saitis</strong></span> <span class='ocrx_word' id='word_1_130' title='bbox 525 2152 553 2204; x_wconf 90' lang='lat' dir='ltr'><strong>et</strong></span> <span class='ocrx_word' id='word_1_131' title='bbox 569 2147 598 2202; x_wconf 91' lang='lat' dir='ltr'><strong>in</strong></span> <span class='ocrx_word' id='word_1_132' title='bbox 617 2163 670 2216; x_wconf 90' lang='lat' dir='ltr'><strong>quo</strong></span> <span class='ocrx_word' id='word_1_133' title='bbox 689 2163 732 2202; x_wconf 87' lang='lat' dir='ltr'><strong>me</strong></span> <span class='ocrx_word' id='word_1_134' title='bbox 752 2149 882 2204; x_wconf 89' lang='lat' dir='ltr'><strong>torruerit</strong></span> <span class='ocrx_word' id='word_1_135' title='bbox 900 2164 1009 2219; x_wconf 86' lang='lat' dir='ltr'><strong>genere,</strong></span> 
     </span>
     <span class='ocr_line' id='line_1_17' title="bbox 361 2240 1164 2312; baseline 0 -16"><span class='ocrx_word' id='word_1_136' title='bbox 361 2255 422 2299; x_wconf 86' lang='lat' dir='ltr'><strong>oum</strong></span> <span class='ocrx_word' id='word_1_137' title='bbox 439 2240 684 2299; x_wconf 81' lang='lat' dir='ltr'><strong>tantumarderem</strong></span> <span class='ocrx_word' id='word_1_138' title='bbox 703 2247 832 2310; x_wconf 88' lang='lat' dir='ltr'><strong>quantum</strong></span> <span class='ocrx_word' id='word_1_139' title='bbox 849 2241 988 2297; x_wconf 84' lang='lat' dir='ltr'><strong>Trinacria</strong></span> <span class='ocrx_word' id='word_1_140' title='bbox 1004 2255 1088 2312; x_wconf 91' lang='lat' dir='ltr'><strong>rupes</strong></span> <span class='ocrx_word' id='word_1_141' title='bbox 1106 2256 1164 2312; x_wconf 89' lang='lat' dir='ltr'><strong>eqs.</strong></span> 
     </span>
     <span class='ocr_line' id='line_1_18' title="bbox 208 2359 1340 2443; baseline 0 -17"><span class='ocrx_word' id='word_1_142' title='bbox 208 2362 240 2427; x_wconf 94' lang='lat' dir='ltr'><strong>in</strong></span> <span class='ocrx_word' id='word_1_143' title='bbox 260 2360 310 2432; x_wconf 83' lang='lat' dir='ltr'><strong>his</strong></span> <span class='ocrx_word' id='word_1_144' title='bbox 338 2379 440 2443; x_wconf 87' lang='lat' dir='ltr'><strong>neque</strong></span> <span class='ocrx_word' id='word_1_145' title='bbox 470 2379 525 2426; x_wconf 85' lang='lat' dir='ltr'><strong>cur</strong></span> <span class='ocrx_word' id='word_1_146' title='bbox 547 2360 656 2428; x_wconf 84' lang='lat' dir='ltr'><strong>dolosa</strong></span> <span class='ocrx_word' id='word_1_147' title='bbox 685 2361 794 2426; x_wconf 91' lang='lat' dir='ltr'><strong>audiat</strong></span> <span class='ocrx_word' id='word_1_148' title='bbox 814 2359 922 2427; x_wconf 88' lang='lat' dir='ltr'><strong>Uenus</strong></span> <span class='ocrx_word' id='word_1_149' title='bbox 945 2361 1156 2443; x_wconf 85' lang='lat' dir='ltr'><strong>intellegimus</strong></span> <span class='ocrx_word' id='word_1_150' title='bbox 1178 2379 1279 2443; x_wconf 89' lang='lat' dir='ltr'><strong>neque</strong></span> <span class='ocrx_word' id='word_1_151' title='bbox 1302 2361 1340 2426; x_wconf 90' lang='lat' dir='ltr'><strong>il·</strong></span> 
     </span>
     <span class='ocr_line' id='line_1_19' title="bbox 209 2470 1340 2553; baseline -0.001 -16"><span class='ocrx_word' id='word_1_152' title='bbox 209 2472 263 2538; x_wconf 93' lang='lat' dir='ltr'><strong>lud</strong></span> <span class='ocrx_word' id='word_1_153' title='bbox 288 2475 359 2553; x_wconf 90' lang='lat' dir='ltr'><strong>‘quo</strong></span> <span class='ocrx_word' id='word_1_154' title='bbox 381 2472 414 2540; x_wconf 89' lang='lat' dir='ltr'><strong>in</strong></span> <span class='ocrx_word' id='word_1_155' title='bbox 436 2470 561 2552; x_wconf 86' lang='lat' dir='ltr'><strong>genere’</strong></span> <span class='ocrx_word' id='word_1_156' title='bbox 586 2471 663 2536; x_wconf 91' lang='lat' dir='ltr'><strong>satis</strong></span> <span class='ocrx_word' id='word_1_157' title='bbox 686 2475 760 2553; x_wconf 87' lang='lat' dir='ltr'><strong>apte</strong></span> <span class='ocrx_word' id='word_1_158' title='bbox 781 2471 918 2553; x_wconf 92' lang='lat' dir='ltr'><strong>positum</strong></span> <span class='ocrx_word' id='word_1_159' title='bbox 941 2477 1003 2553; x_wconf 89' lang='lat' dir='ltr'><strong>est,</strong></span> <span class='ocrx_word' id='word_1_160' title='bbox 1035 2473 1097 2538; x_wconf 90' lang='lat' dir='ltr'><strong>nisi</strong></span> <span class='ocrx_word' id='word_1_161' title='bbox 1119 2472 1250 2538; x_wconf 81' lang='lat' dir='ltr'><strong>exclusis</strong></span> <span class='ocrx_word' id='word_1_162' title='bbox 1273 2471 1340 2538; x_wconf 91' lang='lat' dir='ltr'><strong>uul-</strong></span> 
     </span>
     <span class='ocr_line' id='line_1_20' title="bbox 206 2581 1342 2665; baseline -0.003 -15"><span class='ocrx_word' id='word_1_163' title='bbox 206 2582 334 2665; x_wconf 84' lang='lat' dir='ltr'><strong>garibus</strong></span> <span class='ocrx_word' id='word_1_164' title='bbox 361 2581 484 2664; x_wconf 54' lang='lat' dir='ltr'><strong>amorisx</strong></span> <span class='ocrx_word' id='word_1_165' title='bbox 505 2581 690 2662; x_wconf 82' lang='lat' dir='ltr'><strong>generibus,</strong></span> <span class='ocrx_word' id='word_1_166' title='bbox 724 2581 844 2655; x_wconf 82' lang='lat' dir='ltr'><strong>scilicet</strong></span> <span class='ocrx_word' id='word_1_167' title='bbox 881 2583 913 2648; x_wconf 94' lang='lat' dir='ltr'><strong>in</strong></span> <span class='ocrx_word' id='word_1_168' title='bbox 951 2582 1073 2665; x_wconf 90' lang='lat' dir='ltr'><strong>puellas</strong></span> <span class='ocrx_word' id='word_1_169' title='bbox 1104 2583 1256 2665; x_wconf 84' lang='lat' dir='ltr'><strong>ingenuas</strong></span> <span class='ocrx_word' id='word_1_170' title='bbox 1286 2586 1342 2648; x_wconf 89' lang='lat' dir='ltr'><strong>aut</strong></span> 
     </span>
     <span class='ocr_line' id='line_1_21' title="bbox 208 2691 1342 2775; baseline 0 -17"><span class='ocrx_word' id='word_1_171' title='bbox 208 2692 371 2758; x_wconf 86' lang='lat' dir='ltr'><strong>libertinas</strong></span> <span class='ocrx_word' id='word_1_172' title='bbox 393 2696 450 2756; x_wconf 88' lang='lat' dir='ltr'><strong>aut</strong></span> <span class='ocrx_word' id='word_1_173' title='bbox 463 2709 587 2773; x_wconf 80' lang='lat' dir='ltr'><strong>puerm,</strong></span> <span class='ocrx_word' id='word_1_174' title='bbox 612 2691 763 2773; x_wconf 84' lang='lat' dir='ltr'><strong>singulari</strong></span> <span class='ocrx_word' id='word_1_175' title='bbox 781 2692 916 2773; x_wconf 88' lang='lat' dir='ltr'><strong>quodam</strong></span> <span class='ocrx_word' id='word_1_176' title='bbox 937 2710 1052 2775; x_wconf 87' lang='lat' dir='ltr'><strong>amore,</strong></span> <span class='ocrx_word' id='word_1_177' title='bbox 1069 2694 1187 2760; x_wconf 88' lang='lat' dir='ltr'><strong>scilicet</strong></span> <span class='ocrx_word' id='word_1_178' title='bbox 1207 2691 1342 2761; x_wconf 87' lang='lat' dir='ltr'><strong>feminae</strong></span> 
     </span>
     <span class='ocr_line' id='line_1_22' title="bbox 207 2799 1342 2885; baseline 0 -17"><span class='ocrx_word' id='word_1_179' title='bbox 207 2807 342 2885; x_wconf 89' lang='lat' dir='ltr'><strong>nuptae,</strong></span> <span class='ocrx_word' id='word_1_180' title='bbox 374 2820 409 2867; x_wconf 89' lang='lat' dir='ltr'><strong>se</strong></span> <span class='ocrx_word' id='word_1_181' title='bbox 431 2799 661 2869; x_wconf 82' lang='lat' dir='ltr'><strong>inflammatum·</strong></span> <span class='ocrx_word' id='word_1_182' title='bbox 677 2801 757 2867; x_wconf 87' lang='lat' dir='ltr'><strong>dixit</strong></span> <span class='ocrx_word' id='word_1_183' title='bbox 778 2805 880 2883; x_wconf 88' lang='lat' dir='ltr'><strong>poeta.</strong></span> <span class='ocrx_word' id='word_1_184' title='bbox 925 2803 1008 2884; x_wconf 88' lang='lat' dir='ltr'><strong>quod</strong></span> <span class='ocrx_word' id='word_1_185' title='bbox 1031 2802 1173 2870; x_wconf 90' lang='lat' dir='ltr'><strong>firmatur</strong></span> <span class='ocrx_word' id='word_1_186' title='bbox 1195 2804 1241 2869; x_wconf 88' lang='lat' dir='ltr'><strong>eis</strong></span> <span class='ocrx_word' id='word_1_187' title='bbox 1261 2820 1342 2885; x_wconf 89' lang='lat' dir='ltr'><strong>quas</strong></span> 
     </span>
     <span class='ocr_line' id='line_1_23' title="bbox 209 2915 590 2992; baseline -0.005 -16"><span class='ocrx_word' id='word_1_188' title='bbox 209 2919 360 2978; x_wconf 86' lang='lat' dir='ltr'><strong>secuntur</strong></span> <span class='ocrx_word' id='word_1_189' title='bbox 381 2932 410 2977; x_wconf 92' lang='lat' dir='ltr'><strong>u.</strong></span> <span class='ocrx_word' id='word_1_190' title='bbox 436 2915 497 2978; x_wconf 85' lang='lat'><strong>143</strong></span> <span class='ocrx_word' id='word_1_191' title='bbox 506 2928 590 2992; x_wconf 83' lang='lat' dir='ltr'><strong>sqq:</strong></span> 
     </span>
    </p>
   </div>
   <div class='ocr_carea' id='block_1_8' title="bbox 415 3051 1113 3406">
    <p class='ocr_par' dir='ltr' id='par_1_9' title="bbox 415 3051 1113 3218">
     <span class='ocr_line' id='line_1_24' title="bbox 415 3051 1100 3124; baseline 0.001 -14"><span class='ocrx_word' id='word_1_192' title='bbox 415 3068 467 3110; x_wconf 87' lang='lat' dir='ltr'><strong>neo</strong></span> <span class='ocrx_word' id='word_1_193' title='bbox 483 3061 573 3108; x_wconf 86' lang='lat' dir='ltr'><strong>tamen</strong></span> <span class='ocrx_word' id='word_1_194' title='bbox 590 3052 638 3108; x_wconf 93' lang='lat' dir='ltr'><strong>illa</strong></span> <span class='ocrx_word' id='word_1_195' title='bbox 654 3051 720 3106; x_wconf 91' lang='lat' dir='ltr'><strong>mihi</strong></span> <span class='ocrx_word' id='word_1_196' title='bbox 737 3053 834 3108; x_wconf 86' lang='lat' dir='ltr'><strong>dextra</strong></span> <span class='ocrx_word' id='word_1_197' title='bbox 850 3053 967 3111; x_wconf 86' lang='lat' dir='ltr'><strong>deducta</strong></span> <span class='ocrx_word' id='word_1_198' title='bbox 984 3060 1100 3124; x_wconf 87' lang='lat' dir='ltr'><strong>paterna</strong></span> 
     </span>
     <span class='ocr_line' id='line_1_25' title="bbox 483 3145 1113 3218; baseline 0.006 -18"><span class='ocrx_word' id='word_1_199' title='bbox 483 3145 647 3214; x_wconf 79' lang='lat' dir='ltr'><strong>fragrantem</strong></span> <span class='ocrx_word' id='word_1_200' title='bbox 665 3145 780 3216; x_wconf 79' lang='lat' dir='ltr'><strong>Assyrio</strong></span> <span class='ocrx_word' id='word_1_201' title='bbox 796 3148 873 3202; x_wconf 89' lang='lat' dir='ltr'><strong>uenit</strong></span> <span class='ocrx_word' id='word_1_202' title='bbox 892 3148 978 3204; x_wconf 89' lang='lat' dir='ltr'><strong>odore</strong></span> <span class='ocrx_word' id='word_1_203' title='bbox 996 3149 1113 3218; x_wconf 88' lang='lat' dir='ltr'><strong>domum,</strong></span> 
     </span>
    </p>

    <p class='ocr_par' dir='ltr' id='par_1_10' title="bbox 416 3238 1045 3406">
     <span class='ocr_line' id='line_1_26' title="bbox 416 3238 1045 3299; baseline 0.003 -3"><span class='ocrx_word' id='word_1_204' title='bbox 416 3240 464 3296; x_wconf 90' lang='lat' dir='ltr'><strong>sed</strong></span> <span class='ocrx_word' id='word_1_205' title='bbox 481 3238 584 3294; x_wconf 86' lang='lat' dir='ltr'><strong>furtiua</strong></span> <span class='ocrx_word' id='word_1_206' title='bbox 601 3239 676 3294; x_wconf 84' lang='lat' dir='ltr'><strong>dedit</strong></span> <span class='ocrx_word' id='word_1_207' title='bbox 692 3247 768 3296; x_wconf 87' lang='lat' dir='ltr'><strong>muta</strong></span> <span class='ocrx_word' id='word_1_208' title='bbox 784 3241 945 3298; x_wconf 83' lang='lat' dir='ltr'><strong>munuscula</strong></span> <span class='ocrx_word' id='word_1_209' title='bbox 965 3250 1045 3299; x_wconf 89' lang='lat' dir='ltr'><strong>nocte</strong></span> 
     </span>
     <span class='ocr_line' id='line_1_27' title="bbox 482 3333 1026 3406; baseline 0.006 -19"><span class='ocrx_word' id='word_1_210' title='bbox 482 3333 567 3403; x_wconf 83' lang='lat' dir='ltr'><strong>ipsius</strong></span> <span class='ocrx_word' id='word_1_211' title='bbox 585 3347 620 3387; x_wconf 88' lang='lat' dir='ltr'><strong>ex</strong></span> <span class='ocrx_word' id='word_1_212' title='bbox 636 3333 698 3403; x_wconf 91' lang='lat' dir='ltr'><strong>ipso</strong></span> <span class='ocrx_word' id='word_1_213' title='bbox 715 3334 825 3403; x_wconf 89' lang='lat' dir='ltr'><strong>dempta</strong></span> <span class='ocrx_word' id='word_1_214' title='bbox 842 3335 894 3390; x_wconf 91' lang='lat' dir='ltr'><strong>uiri</strong></span> <span class='ocrx_word' id='word_1_215' title='bbox 913 3335 1026 3406; x_wconf 85' lang='lat' dir='ltr'><strong>gremio,</strong></span> 
     </span>
    </p>
   </div>
   <div class='ocr_carea' id='block_1_9' title="bbox 170 3462 1364 3658">
    <p class='ocr_par' dir='ltr' id='par_1_11' title="bbox 170 3462 1364 3658">
     <span class='ocr_line' id='line_1_28' title="bbox 206 3462 1364 3549; baseline -0.003 -19"><span class='ocrx_word' id='word_1_216' title='bbox 206 3465 463 3547; x_wconf 88' lang='lat' dir='ltr'><strong>conuinciturque</strong></span> <span class='ocrx_word' id='word_1_217' title='bbox 485 3464 553 3530; x_wconf 91' lang='lat' dir='ltr'><strong>loco</strong></span> <span class='ocrx_word' id='word_1_218' title='bbox 571 3462 778 3545; x_wconf 89' lang='lat' dir='ltr'><strong>Propertiano</strong></span> <span class='ocrx_word' id='word_1_219' title='bbox 801 3462 861 3547; x_wconf 88' lang='lat'>[111</span> <span class='ocrx_word' id='word_1_220' title='bbox 876 3467 927 3545; x_wconf 84' lang='lat'><strong>32,</strong></span> <span class='ocrx_word' id='word_1_221' title='bbox 944 3469 984 3530; x_wconf 82' lang='lat'><strong>87</strong></span> <span class='ocrx_word' id='word_1_222' title='bbox 994 3464 1064 3549; x_wconf 84' lang='lat' dir='ltr'><strong>sq.],</strong></span> <span class='ocrx_word' id='word_1_223' title='bbox 1088 3465 1176 3538; x_wconf 82' lang='lat' dir='ltr'><strong>euius</strong></span> <span class='ocrx_word' id='word_1_224' title='bbox 1199 3463 1262 3528; x_wconf 93' lang='lat' dir='ltr'><strong>uim</strong></span> <span class='ocrx_word' id='word_1_225' title='bbox 1285 3463 1364 3538; x_wconf 44' lang='lat' dir='ltr'><strong>adr</strong></span> 
     </span>
     <span class='ocr_line' id='line_1_29' title="bbox 170 3573 865 3658; baseline -0.004 -19"><span class='ocrx_word' id='word_1_226' title='bbox 170 3577 174 3584; x_wconf 82' lang='lat'>&#39;</span> <span class='ocrx_word' id='word_1_227' title='bbox 207 3575 350 3642; x_wconf 85' lang='lat' dir='ltr'><strong>huonon</strong></span> <span class='ocrx_word' id='word_1_228' title='bbox 372 3577 599 3658; x_wconf 84' lang='lat' dir='ltr'><strong>perspexerunt</strong></span> <span class='ocrx_word' id='word_1_229' title='bbox 620 3573 683 3638; x_wconf 91' lang='lat' dir='ltr'><strong>uiri</strong></span> <span class='ocrx_word' id='word_1_230' title='bbox 705 3573 806 3638; x_wconf 88' lang='lat' dir='ltr'><strong>docti:</strong></span> <span class='ocrx_word' id='word_1_231' title='bbox 863 3623 865 3629; x_wconf 17' lang='grc' dir='ltr'><em>Α</em></span> 
     </span>
    </p>
   </div>
   <div class='ocr_carea' id='block_1_10' title="bbox 415 3695 1134 3865">
    <p class='ocr_par' dir='ltr' id='par_1_12' title="bbox 415 3695 1134 3865">
     <span class='ocr_line' id='line_1_30' title="bbox 415 3695 1134 3771; baseline 0.001 -15"><span class='ocrx_word' id='word_1_232' title='bbox 415 3702 484 3758; x_wconf 85' lang='lat' dir='ltr'><strong>haec</strong></span> <span class='ocrx_word' id='word_1_233' title='bbox 501 3714 610 3770; x_wconf 85' lang='lat' dir='ltr'><strong>qunque</strong></span> <span class='ocrx_word' id='word_1_234' title='bbox 627 3695 722 3756; x_wconf 86' lang='lat' dir='ltr'><strong>lasciui</strong></span> <span class='ocrx_word' id='word_1_235' title='bbox 741 3705 885 3756; x_wconf 83' lang='lat' dir='ltr'><strong>cantarunt</strong></span> <span class='ocrx_word' id='word_1_236' title='bbox 903 3702 1006 3770; x_wconf 81' lang='lat' dir='ltr'><strong>scripta</strong></span> <span class='ocrx_word' id='word_1_237' title='bbox 1024 3701 1134 3771; x_wconf 79' lang='lat' dir='ltr'><strong>Catulli,</strong></span> 
     </span>
     <span class='ocr_line' id='line_1_31' title="bbox 482 3792 1041 3865; baseline 0 -15"><span class='ocrx_word' id='word_1_238' title='bbox 482 3793 584 3853; x_wconf 87' lang='lat' dir='ltr'><strong>Lesbia</strong></span> <span class='ocrx_word' id='word_1_239' title='bbox 603 3793 665 3865; x_wconf 87' lang='lat' dir='ltr'><strong>quis</strong></span> <span class='ocrx_word' id='word_1_240' title='bbox 682 3793 745 3862; x_wconf 88' lang='lat' dir='ltr'><strong>ipsa</strong></span> <span class='ocrx_word' id='word_1_241' title='bbox 760 3792 851 3848; x_wconf 89' lang='lat' dir='ltr'><strong>notior</strong></span> <span class='ocrx_word' id='word_1_242' title='bbox 868 3798 911 3849; x_wconf 88' lang='lat' dir='ltr'><strong>est</strong></span> <span class='ocrx_word' id='word_1_243' title='bbox 928 3793 1041 3850; x_wconf 80' lang='lat' dir='ltr'><strong>Helena</strong></span> 
     </span>
    </p>
   </div>
   <div class='ocr_carea' id='block_1_11' title="bbox 203 3907 1447 4354">
    <p class='ocr_par' dir='ltr' id='par_1_13' title="bbox 203 3907 1447 4354">
     <span class='ocr_line' id='line_1_32' title="bbox 203 3907 1339 3993; baseline 0.002 -20"><span class='ocrx_word' id='word_1_244' title='bbox 203 3926 373 3992; x_wconf 88' lang='lat' dir='ltr'><strong>numquam</strong></span> <span class='ocrx_word' id='word_1_245' title='bbox 402 3908 543 3992; x_wconf 87' lang='lat' dir='ltr'><strong>proiecto</strong></span> <span class='ocrx_word' id='word_1_246' title='bbox 573 3907 756 3988; x_wconf 89' lang='lat' dir='ltr'><strong>Propertius</strong></span> <span class='ocrx_word' id='word_1_247' title='bbox 784 3907 929 3972; x_wconf 89' lang='lat' dir='ltr'><strong>Lesbiam</strong></span> <span class='ocrx_word' id='word_1_248' title='bbox 971 3925 1041 3974; x_wconf 89' lang='lat' dir='ltr'><strong>cum</strong></span> <span class='ocrx_word' id='word_1_249' title='bbox 1080 3908 1202 3975; x_wconf 89' lang='lat' dir='ltr'><strong>Helena</strong></span> <span class='ocrx_word' id='word_1_250' title='bbox 1229 3910 1339 3993; x_wconf 89' lang='lat' dir='ltr'><strong>potius</strong></span> 
     </span>
     <span class='ocr_line' id='line_1_33' title="bbox 206 4017 1447 4102; baseline 0.004 -19"><span class='ocrx_word' id='word_1_251' title='bbox 206 4037 299 4101; x_wconf 88' lang='lat' dir='ltr'><strong>quam</strong></span> <span class='ocrx_word' id='word_1_252' title='bbox 327 4037 396 4085; x_wconf 86' lang='lat' dir='ltr'><strong>cum</strong></span> <span class='ocrx_word' id='word_1_253' title='bbox 421 4019 484 4084; x_wconf 89' lang='lat' dir='ltr'><strong>alia</strong></span> <span class='ocrx_word' id='word_1_254' title='bbox 512 4017 647 4100; x_wconf 88' lang='lat' dir='ltr'><strong>quadam</strong></span> <span class='ocrx_word' id='word_1_255' title='bbox 669 4017 798 4085; x_wconf 78' lang='lat' dir='ltr'><strong>herolde</strong></span> <span class='ocrx_word' id='word_1_256' title='bbox 819 4025 1046 4101; x_wconf 84' lang='lat' dir='ltr'><strong>comparasset,</strong></span> <span class='ocrx_word' id='word_1_257' title='bbox 1079 4019 1140 4084; x_wconf 86' lang='lat' dir='ltr'><strong>nisi</strong></span> <span class='ocrx_word' id='word_1_258' title='bbox 1161 4019 1216 4084; x_wconf 92' lang='lat' dir='ltr'><strong>illa</strong></span> <span class='ocrx_word' id='word_1_259' title='bbox 1241 4025 1342 4102; x_wconf 87' lang='lat' dir='ltr'><strong>nupta</strong></span> <span class='ocrx_word' id='word_1_260' title='bbox 1444 4083 1447 4088; x_wconf 88' lang='lat'>.</span> 
     </span>
     <span class='ocr_line' id='line_1_34' title="bbox 205 4127 1342 4212; baseline -0.001 -17"><span class='ocrx_word' id='word_1_261' title='bbox 205 4130 376 4212; x_wconf 85' lang='lat' dir='ltr'><strong>eademque</strong></span> <span class='ocrx_word' id='word_1_262' title='bbox 396 4129 510 4196; x_wconf 90' lang='lat' dir='ltr'><strong>celebri</strong></span> <span class='ocrx_word' id='word_1_263' title='bbox 531 4129 598 4200; x_wconf 80' lang='lat' dir='ltr'><strong>loto</strong></span> <span class='ocrx_word' id='word_1_264' title='bbox 614 4133 684 4194; x_wconf 90' lang='lat' dir='ltr'><strong>orta</strong></span> <span class='ocrx_word' id='word_1_265' title='bbox 705 4127 826 4194; x_wconf 80' lang='lat' dir='ltr'><strong>luisset.</strong></span> <span class='ocrx_word' id='word_1_266' title='bbox 849 4127 963 4210; x_wconf 86' lang='lat' dir='ltr'><strong>quibus</strong></span> <span class='ocrx_word' id='word_1_267' title='bbox 978 4129 1069 4197; x_wconf 86' lang='lat' dir='ltr'><strong>simul</strong></span> <span class='ocrx_word' id='word_1_268' title='bbox 1088 4135 1220 4212; x_wconf 86' lang='lat' dir='ltr'><strong>apparet</strong></span> <span class='ocrx_word' id='word_1_269' title='bbox 1241 4148 1261 4194; x_wconf 89' lang='lat' dir='ltr'><strong>a</strong></span> <span class='ocrx_word' id='word_1_270' title='bbox 1280 4128 1342 4195; x_wconf 85' lang='lat' dir='ltr'><strong>Ca-</strong></span> 
     </span>
     <span class='ocr_line' id='line_1_35' title="bbox 206 4238 1343 4354; baseline 0.001 -49"><span class='ocrx_word' id='word_1_271' title='bbox 206 4239 277 4306; x_wconf 93' lang='lat' dir='ltr'><strong>tulli</strong></span> <span class='ocrx_word' id='word_1_272' title='bbox 295 4239 406 4306; x_wconf 67' lang='lat' dir='ltr'><strong>‚uerbis</strong></span> <span class='ocrx_word' id='word_1_273' title='bbox 428 4240 491 4308; x_wconf 87' lang='lat' dir='ltr'><strong>illis</strong></span> <span class='ocrx_word' id='word_1_274' title='bbox 516 4240 624 4323; x_wconf 86' lang='lat' dir='ltr'><strong>‘ipsius</strong></span> <span class='ocrx_word' id='word_1_275' title='bbox 647 4257 685 4304; x_wconf 80' lang='lat' dir='ltr'><strong>ex</strong></span> <span class='ocrx_word' id='word_1_276' title='bbox 707 4238 775 4320; x_wconf 82' lang='lat' dir='ltr'><strong>ipsu</strong></span> <span class='ocrx_word' id='word_1_277' title='bbox 793 4239 920 4322; x_wconf 87' lang='lat' dir='ltr'><strong>dempta</strong></span> <span class='ocrx_word' id='word_1_278' title='bbox 942 4239 1003 4310; x_wconf 86' lang='lat' dir='ltr'><strong>uiri</strong></span> <span class='ocrx_word' id='word_1_279' title='bbox 1026 4239 1154 4322; x_wconf 82' lang='lat' dir='ltr'><strong>gremio’</strong></span> <span class='ocrx_word' id='word_1_280' title='bbox 1178 4259 1343 4354; x_wconf 50' lang='lat' dir='ltr'><strong>remoneo*</strong></span> 
     </span>
    </p>
   </div>
   <div class='ocr_carea' id='block_1_12' title="bbox 0 0 1587 4922">
    <p class='ocr_par' dir='ltr' id='par_1_14' title="bbox 0 0 1587 4922">
     <span class='ocr_line' id='line_1_36' title="bbox 0 0 1587 4922; baseline 0 0"><span class='ocrx_word' id='word_1_281' title='bbox 0 0 1587 4922; x_wconf 95' lang='lat' dir='ltr'><strong> </strong></span> 
     </span>
    </p>
   </div>
  </div>
 </body>
</html>
