3142 4922
825 420 865 480 34

278 586 410 652 LXVIII
438 586 616 652 mitorum
644 586 779 668 scriptus
810 592 866 652 est.
912 587 946 652 in
970 583 1002 650 0
1023 592 1128 652 antem
1158 590 1294 668 uterque
1317 587 1418 652 semel

279 703 403 774 tantum
426 699 560 779 scriptus
583 702 640 778 est,
665 703 698 761 et
718 696 796 762 falso
818 696 944 777 quidem
965 697 1042 762 loco.
1088 701 1120 761 et
1140 695 1202 761 hac
1230 713 1357 779 quoque
1385 698 1420 762 ln

278 827 313 874 re
341 806 372 872 0
401 809 491 872 nobis
520 805 551 869 V
575 807 707 873 reddere
736 824 853 888 pronus
882 826 950 894 sum
980 813 1015 872 ut
1038 806 1183 890 credam5
1206 823 1276 872 nam
1301 808 1358 888 qui
1390 805 1421 870 G

280 920 432 998 exorauit,
456 937 525 984 cum
547 935 678 1000 prauam
700 935 847 982 uersuum
868 917 993 984 illorum
1015 916 1249 983 collocationem
1271 918 1420 984 animad-

278 1035 433 1109 uerteret,
465 1029 530 1094 suis
553 1046 608 1094 eos
633 1027 710 1093 locis
729 1025 877 1093 reddidit.
922 1027 984 1094 iem
1007 1027 1145 1094 concedo
1165 1028 1248 1094 idem
1272 1029 1420 1112 potuisse

279 1140 311 1203 in
331 1137 367 1201 D
388 1157 445 1204 sua
468 1145 580 1220 sponte
610 1135 697 1220 fieri;
724 1154 803 1218 nego
826 1141 931 1203 tamen
962 1139 1026 1204 ullo
1053 1138 1145 1204 modo
1173 1136 1242 1204 fieri
1271 1141 1419 1221 potuisse

276 1255 318 1314 ut
339 1249 430 1314 simul
454 1253 486 1312 et
515 1249 546 1313 in
574 1246 605 1312 G
628 1253 660 1313 et
682 1249 713 1312 in
738 1246 773 1310 D
795 1266 833 1313 eo
854 1247 922 1314 loco
944 1247 999 1312 ubi
1021 1247 1099 1316 lalse
1122 1248 1169 1314 illi
1192 1249 1340 1330 leguntur
1364 1269 1419 1317 re-

279 1359 506 1439 linquerentur.
552 1360 645 1424 immo
671 1363 805 1441 apparet
840 1376 898 1441 per
918 1375 968 1440 se,
999 1359 1162 1424 librarium
1184 1378 1416 1446 quemcumque

279 1469 450 1536 uersiculos
472 1469 558 1548 istos,
581 1473 748 1550 postquam
777 1470 809 1534 in
832 1469 1003 1550 genuinum
1024 1470 1126 1537 locum
1148 1471 1299 1553 restituit,
1320 1472 1415 1538 adul-

279 1580 382 1644 terino
405 1578 510 1644 delere
534 1580 688 1645 debuisse.
733 1584 905 1662 potueruut
933 1579 979 1644 ibi
1008 1579 1144 1661 relinqui
1164 1599 1221 1662 per
1243 1582 1414 1665 neglegen-

280 1691 356 1756 tiam
379 1689 536 1772 quandam
559 1690 598 1755 ab
623 1708 685 1756 uno
708 1690 855 1771 librario;
879 1695 913 1754 at
934 1690 966 1754 in
989 1690 1110 1756 duobus
1133 1691 1292 1758 codicibus
1314 1694 1410 1776 plane

281 1802 389 1867 eodem
412 1801 503 1865 modo
526 1800 570 1865 sic
591 1806 752 1882 peccatum
768 1819 836 1866 esse
851 1800 995 1881 equidem
1017 1801 1144 1866 minime
1166 1801 1270 1868 credo.
1315 1806 1408 1883 inuno

279 1911 352 1976 bine
374 1929 497 2004 quoque
520 1910 713 1991 intellegitur
736 1910 772 1974 D
794 1929 832 1975 cx
858 1907 888 1974 G
909 1906 1044 1976 fluxisse.

344 2045 347 2051 ’
364 2021 497 2086 Restare
513 2021 615 2086 adhuc
627 2021 747 2103 aliquot
761 2019 963 2087 difficultates
979 2021 1186 2090 alioniuideri
1200 2041 1293 2105 posse
1308 2024 1406 2105 probe
1533 2009 1534 2038 l

277 2132 350 2197 scio.
395 2148 467 2195 nam
489 2131 620 2195 miretur
642 2132 798 2212 quispiam
827 2131 910 2213 quod
941 2131 1097 2198 interdum
1126 2131 1178 2198 bie
1204 2134 1254 2198 uel
1277 2132 1331 2198 ille
1353 2135 1408 2198 de-

276 2243 427 2307 teriorum
459 2239 511 2323 (d)
534 2259 603 2306 cum
631 2238 792 2307 Oeontra
820 2239 892 2330 GD
912 2242 996 2308 lacit.
1041 2261 1208 2324 numquam
1238 2248 1343 2306 antem
1373 2243 1405 2308 in

275 2350 510 2432 quaestionibus
533 2357 597 2416 tam
619 2351 746 2417 lubricis
769 2351 1016 2419 obliuiscendum
1040 2358 1088 2417 est
1106 2370 1195 2434 posse
1218 2351 1405 2433 aliquotiens
1517 2371 1520 2414 r

276 2463 354 2529 duos
377 2461 469 2543 plane
491 2461 635 2528 diuersae
657 2463 765 2544 stirpis
787 2463 909 2527 codices
938 2463 970 2526 in
994 2463 1159 2544 seripturis
1181 2479 1261 2544 quae
1281 2478 1301 2526 a
1322 2466 1404 2528 eete-

277 2592 382 2640 rorum
405 2572 556 2637 memoria
578 2573 726 2639 recedant
750 2574 925 2639 consentire
953 2592 989 2638 eo
1020 2572 1103 2654 quod
1126 2573 1290 2654 utriusque
1311 2572 1406 2638 libra-

275 2685 341 2751 rius
364 2685 397 2749 in
419 2681 623 2750 describendo
655 2685 687 2747 in
718 2686 851 2750 eundem
881 2682 992 2749 incidit
1018 2693 1164 2748 errorem.
1210 2687 1243 2749 et
1265 2683 1307 2749 ub
1326 2682 1408 2748 bane
1522 2683 1524 2697 '

276 2813 401 2861 causam
429 2795 605 2874 scripturae
634 2795 773 2860 uarietas
802 2795 834 2858 in
865 2792 901 2856 D
920 2789 1001 2857 GO
1029 2793 1213 2858 admoram
1243 2793 1408 2876 orthogra·
1530 2823 1534 2866 s

275 2905 382 2987 phiam
412 2908 557 2985 spectans
577 2904 702 2985 aliaque
730 2903 858 2969 leuioris
879 2903 1029 2968 momenti
1050 2921 1180 2985 prorsus
1203 2903 1242 2968 ab
1263 2903 1323 2968 hac
1345 2904 1408 2968 dis·
1529 2889 1530 2894 ¹

276 3015 439 3098 putatione
470 3012 662 3077 excludenda
696 3019 777 3079 sunt.
829 3031 923 3095 porro
959 3018 1063 3095 potest
1102 3013 1222 3078 duobus
1260 3013 1406 3081 diuersae
1531 3005 1532 3008 ’

276 3125 407 3206 originis
429 3123 518 3188 libris
538 3123 584 3187 lta
606 3122 637 3186 in
660 3128 747 3190 recta
769 3125 875 3206 aliqua
897 3123 1031 3188 lectione
1053 3125 1221 3188 conuenire
1246 3128 1407 3189 attamen

196 3229 198 3236 ’
276 3238 310 3300 in
335 3235 487 3300 alterutro
511 3251 550 3300 ea
571 3252 609 3299 ex
632 3234 810 3300 coniectura
840 3233 962 3298 librarii
992 3233 1091 3298 inlata
1113 3234 1162 3298 sit.
1207 3233 1286 3300 nihil
1308 3235 1406 3316 igitur

275 3347 361 3411 ualet
382 3344 405 3408 d
426 3345 502 3409 locis
518 3344 674 3409 nonnullis
698 3361 760 3409 una
782 3362 851 3409 curn
870 3341 1022 3411 Oeantra
1050 3340 1124 3408 GD
1146 3349 1265 3410 rectum
1283 3349 1405 3424 tenere;

275 3474 377 3538 neque
400 3455 481 3521 enirn
505 3455 537 3520 id
559 3455 591 3519 in
613 3452 637 3518 d
659 3473 697 3520 ex
726 3451 759 3516 V
776 3454 945 3534 traditum,
974 3456 1029 3519 sed
1063 3471 1102 3520 ex
1128 3472 1214 3518 mera
1236 3453 1407 3536 interpola·

276 3568 361 3632 tione
382 3572 541 3647 receptum
564 3565 739 3645 putendum
763 3569 819 3629 est.
865 3565 1010 3630 nimirum
1030 3583 1090 3631 non
1105 3564 1180 3647 quid
1197 3563 1256 3630 hoc
1278 3563 1328 3628 uel
1352 3562 1407 3627 illo

274 3679 351 3758 loco,
375 3677 432 3742 sed
454 3677 530 3757 quid
553 3676 695 3758 plurimis
718 3675 793 3740 locis
815 3675 922 3755 eisque
946 3693 1027 3757 quae
1050 3677 1090 3741 ad
1114 3676 1193 3741 tales
1208 3673 1408 3755 quaestIones

275 3793 464 3853 momentum
487 3786 605 3851 faciant
627 3785 698 3850 libri
721 3804 792 3849 mss.
816 3785 989 3867 praebeant
1011 3784 1283 3866 contemplandum
1306 3787 1364 3848 est.
1426 3841 1430 3848 .

361 3898 398 3963 In
422 3897 467 3961 eis
489 3913 569 3978 quae
592 3895 751 3977 hucusque
775 3895 1003 3976 disputauimus
1026 3915 1131 3961 eorum
1155 3896 1311 3973 locorum,
1339 3891 1408 3973 qui-

279 4009 336 4072 bus
356 4009 530 4089 scripturae
549 4006 716 4070 diuersitas
735 4006 767 4070 in
783 4001 905 4069 DGO
927 4024 965 4070 ex
988 4007 1079 4070 uario
1100 4023 1181 4087 quae
1203 4006 1235 4068 in
1265 4000 1298 4065 V
1313 4020 1408 4084 super
1531 4023 1534 4048 ⁴

276 4119 359 4184 linea
382 4118 491 4184 addita
514 4123 583 4181 erat
605 4115 738 4180 lectione
761 4117 933 4197 repetenda
956 4119 1013 4197 est,
1037 4115 1154 4180 nullam
1171 4115 1336 4180 habuimus
1358 4129 1409 4177 rn-
1533 4129 1534 4136 ¹
