3142 4922
686 433 726 493 39

141 601 245 682 tinuit,
269 601 428 682 petiuerit.
474 605 670 666 comantem
696 599 744 678 D,
777 601 831 682 qui
854 601 946 666 modo
969 601 1049 666 hanc
1072 601 1164 667 modo
1190 601 1276 667 illam

142 712 330 794 scripturam
352 715 507 791 secuntur,
533 729 572 775 ex
592 711 661 792 ipso
687 696 868 777 (1110111011
891 713 963 791 0111,
987 731 1066 777 1110
1090 711 1122 801 Q
1143 711 1276 778 adhunc

142 822 269 906 quidem
299 821 514 902 quaestionem
552 817 783 886 diiudica'ndam
818 823 850 887 in
887 827 995 904 partes
1029 823 1187 888 uocandus
1218 828 1274 888 est.

140 951 213 999 nam
242 933 269 998 si
301 933 409 997 uariae
440 929 513 997 illae
541 932 690 998 lectiones
720 933 752 995 11
785 931 814 994 G
844 951 906 997 non
934 952 971 998 ex
1003 933 1189 1017 archetypo,
1219 935 1275 1000 sed

140 1044 266 1110 aliunde
298 1043 440 1108 inuectae
469 1047 557 1123 sunt,
589 1019 1080 1123 00011111110101111111010
1110 1061 1162 1109 eas
1185 1063 1275 1126 prae-

140 1155 213 1220 heat
235 1153 408 1236 scripturas
437 1170 517 1234 quae
550 1153 580 1216 G
610 1153 642 1217 11
672 1155 819 1218 contextu
848 1153 1015 1218 uerborum
1044 1154 1147 1219 hahet.
1193 1173 1275 1221 nunc

142 1269 339 1330 autemeam
364 1262 583 1328 omodoeas
614 1281 692 1344 quas
722 1269 828 1329 tentus
855 1263 928 1330 libri
955 1264 984 1326 G
1006 1263 1148 1344 exhibet,
1181 1265 1272 1330 modo

140 1375 369 1458 superscriptas
392 1373 555 1454 lectiones,
587 1374 662 1454 quin
685 1374 780 1441 etiam
801 1375 849 1439 his
872 1375 957 1456 ipsas
980 1373 1120 1457 duplices
1139 1376 1273 1457 scriptu·

142 1502 194 1550 ras
219 1483 260 1568 [X
285 1488 323 1549 1‘3
344 1487 376 1549 et
395 1483 455 1548 XII
478 1483 511 1567 4]
533 1483 657 1565 habeat,
682 1485 739 1550 has
762 1485 823 1550 iam
846 1485 876 1549 11
900 1485 968 1567 ipso
998 1481 1031 1548 V
1049 1485 1190 1552 extitisse
1213 1487 1274 1552 col·

143 1593 276 1676 ligamus
298 1597 430 1675 oportet.
475 1593 548 1659 hinc
570 1595 670 1660 altera
691 1596 831 1662 nascitur
848 1596 990 1680 quaestio
1010 1595 1096 1676 haec,
1122 1616 1196 1662 num
1220 1616 1274 1662 ua-

143 1707 210 1770 riae
240 1705 386 1770 lectiones
417 1723 474 1786 pro
512 1706 606 1770 meris
635 1706 756 1771 librarii
787 1706 972 1772 correcturis
1007 1704 1140 1771 fortasse
1171 1726 1210 1774 ex
1237 1727 1273 1773 eo

145 1815 316 1898 exemplari
349 1813 431 1898 uude
461 1812 514 1878 1110
542 1814 708 1896 descripsit
736 1816 849 1880 iterum
872 1816 1012 1897 iuspecto
1034 1814 1136 1880 ductis
1154 1834 1193 1880 an
1216 1836 1273 1898 pro

145 1927 276 1993 alterius
295 1925 409 1990 codicis
432 1923 471 1988 ab
492 1923 546 1988 1110
562 1924 667 1990 0011011
685 1926 870 1991 testimoniis
887 1925 1050 1991 habendae
1070 1927 1141 1991 sint.
1188 1929 1274 2008 equi-

145 2037 215 2102 dem
239 2041 274 2100 11
296 2035 395 2115 magis
420 2035 452 2098 11
473 2033 553 2126 hauc
567 2053 661 2116 quam
684 2036 815 2102 inillam
832 2037 1019 2102 sententiam
1041 2037 1186 2102 inclinem
1209 2057 1273 2103 ma·
1329 2053 1331 2060 ’

141 2146 225 2211 xime
248 2146 387 2213 adducor·
409 2145 517 2221 addito
546 2146 600 2211 illo
631 2146 707 2214 locis
736 2147 828 2228 longe
852 2147 996 2229 plurimis
1021 2147 1128 2228 ‘alias’,
1157 2149 1274 2230 quippe

139 2275 201 2338 quo
231 2275 291 2321 101
323 2261 388 2320 tam
411 2261 589 2322 correctura
620 2275 713 2339 quam
736 2258 829 2323 lectio
860 2276 897 2322 ex
920 2258 1020 2322 011010
1043 2257 1148 2323 codice
1171 2258 1273 2339 petita

137 2364 340 2447 significetur.
386 2368 468 2446 quod
489 2365 671 2434 confirmant
694 2369 782 2450 ipsae
801 2368 951 2434 lectiones
972 2369 1204 2450 superscriptae
1223 2388 1273 2434 ac·

140 2475 279 2541 curatius
311 2492 493 2560 perpensae.
538 2478 608 2557 quis
639 2461 736 2558 eninr,
775 2497 844 2543 cum
870 2496 916 2543 ex.
947 2497 993 2559 gr.
1026 2478 1118 2543 VIIII
1150 2485 1170 2543 4
1202 2481 1272 2545 ‘uuo

140 2584 244 2651 auimo
277 2600 428 2664 suamque
453 2586 595 2650 matrem’
623 2585 703 2651 hauc
731 2588 852 2652 uariam
868 2588 1046 2654 'lectionem
1079 2608 1140 2654 101
1164 2592 1273 2658 miuus

142 2694 289 2758 uitiosam
315 2693 441 2758 ‘sanam’
464 2694 601 2760 adlatam
623 2697 740 2777 uideat,
763 2698 803 2762 dc
823 2704 998 2766 correctore
1021 2699 1159 2780 cogitet?
1181 2703 1273 2767 immo

142 2805 247 2869 omnia
275 2808 310 2868 ut
343 2821 412 2870 eum
441 2807 496 2886 qui
525 2802 558 2869 V
575 2809 718 2873 exarauit
748 2827 846 2890 usquc
876 2809 916 2875 ad
944 2829 968 2875 0.
1000 2809 1116 2874 LXVII
1143 2810 1273 2877 alterius

142 2915 257 2982 codicis
284 2916 406 2980 uariam
434 2917 620 2999 scripturam
650 2919 758 2985 sedulo
790 2919 957 2985 adnotasse
976 2938 1133 2984 sumamus
1154 2907 1272 2986 iubent.

139 3031 241 3091 restat
271 3030 309 3091 ut
340 3027 415 3108 quid
445 3028 614 3094 denariae
644 3029 728 3094 illins
756 3029 930 3114 scripturae
951 3032 1053 3113 pretio
1071 3030 1273 3097 statuendum

141 3137 183 3201 sit
205 3136 423 3218 disquiramus.
469 3143 517 3203 tot
537 3143 642 3213 autem
665 3141 765 3205 honae
796 3147 826 3206 01
850 3142 1028 3206 indubitate
1050 3160 1144 3206 uerae
1165 3142 1273 3207 lectio-

143 3266 198 3312 nes
221 3247 255 3330 (a
276 3265 325 3312 me
347 3248 496 3313 asterisco
519 3250 699 3333 insignitae)
723 3252 883 3318 exaltem
905 3253 959 3318 1110
982 3253 1087 3318 codice
1102 3253 1272 3318 adnotatae

139 3364 229 3437 suut,
261 3365 296 3422 11
319 3377 389 3422 cum
412 3360 524 3423 summi
547 3362 775 3427 aestimandum
799 3381 867 3429 esse
888 3364 970 3429 ultro
998 3370 1159 3445 appareat.
1205 3363 1272 3429 uhi·

139 3485 270 3551 cumque
292 3470 389 3551 igitur
411 3470 585 3552 scripturae
615 3467 832 3539 diuersitatem
863 3476 894 3539 in
929 3473 958 3539 G
980 3475 1160 3540 adnotatam
1185 3477 1273 3540 inue-

138 3580 257 3660 111110,
292 3597 414 3662 semper
444 3581 511 3646 cius
540 3600 633 3666 quam
657 3583 895 3664 diligentissime
918 3586 1072 3651 rationem
1101 3585 1271 3652 habeamus

141 3694 275 3773 oportet.

223 3801 344 3866 Nititur
367 3803 473 3884 igitur,
498 3808 531 3870 11
555 3805 818 3870 demonstranisse
840 3805 916 3870 mihi
930 3807 1047 3886 uideor,
1072 3806 1144 3871 libri
1163 3804 1271 3871 Catul-
1364 3885 1366 3889 Ι

138 3913 213 3978 11011
244 3914 421 3979 emendatio
455 3914 529 3980 solis
559 3913 727 3980 Oxoniensi
760 3921 790 3981 et
820 3915 1079 3999 Sangermaueusi
1110 3921 1270 3997 tamquam

139 4023 299 4107 archetypi
321 4025 477 4105 deperditi
501 4025 642 4090 testibus.
688 4043 726 4090 cx
748 4026 861 4107 quibus
883 4045 1071 4110 quamquam
1098 4026 1128 4091 Ο
1147 4044 1271 4107 semper

139 4135 205 4201 1010
228 4136 375 4201 maiorem
396 4141 554 4201 mereatur
582 4133 675 4201 fidem
704 4155 797 4220 quam
832 4137 861 4200 G
883 4138 934 4204 hic
961 4139 1026 4206 illic
1048 4138 1111 4202 iam
1133 4138 1271 4219 interpo-

140 4246 240 4327 latus,
266 4252 369 4312 tamen
389 4247 538 4316 nonnulla
561 4265 724 4329 superesse
745 4249 813 4315 loca
835 4250 948 4331 quibus
969 4250 1007 4315 ob
1030 4247 1271 4331 discrepantiam
