3142 4922
832 429 873 489 26

287 595 393 662 XXIII
415 599 456 660 23
478 603 588 679 aperte
617 597 783 678 legendum
813 603 862 663 est
893 601 963 672 ‘non
992 613 1139 678 umquam
1163 596 1297 678 digitum
1319 597 1445 698 inqni·⁴
1553 600 1556 625 '

1552 700 1556 731 ι

288 725 365 773 nare
386 707 524 789 posseis’.
548 743 592 756 -
614 726 685 772 narn
715 726 808 792 quam
832 727 926 791 saepe
948 709 1084 791 priscum
1106 707 1184 774 illud
1208 707 1258 772 ‘ei'
1281 725 1301 772 a
1323 705 1420 772 libru-

288 815 345 882 riis
366 816 448 881 male
471 817 513 882 sit
527 818 678 898 habiturn,
703 836 785 885 nunc
805 819 930 901 quidem
953 837 1015 884 non
1038 819 1211 899 ignoratur.
1233 835 1260 882 c.
1276 815 1379 882 LXIII
1406 821 1420 881 1

289 927 455 1008 legendum
485 933 533 992 est
564 931 667 1010 ‘super
698 930 763 995 alta
791 935 900 994 uectus
933 929 1017 993 Attis
1040 929 1152 994 celeret
1175 929 1310 1012 (belere'
1334 927 1422 994 codd.

292 1037 407 1104 ‘celeri’
437 1038 606 1121 scriptores
634 1039 769 1120 metrici)
799 1045 867 1103 rate
889 1038 1009 1102 maria'.
1033 1073 1075 1084 -
1105 1056 1129 1104 c.
1147 1038 1278 1104 LXVIII
1312 1044 1370 1106 155
1400 1041 1425 1104 V
1491 1035 1495 1040 ’

291 1148 389 1214 tradit
414 1149 501 1213 ‘satis
522 1148 648 1230 felices,
675 1151 757 1215 undo
781 1149 887 1214 ‘scitis'
910 1149 1138 1214 restituendum
1161 1155 1228 1230 est3
1251 1149 1424 1230 itidemque

290 1258 420 1323 XXXIV
442 1262 481 1323 21
509 1260 579 1324 ‘seis
600 1259 673 1344 (scis
701 1259 742 1342 V)
772 1277 969 1341 quocumque
995 1259 1053 1336 tibi
1083 1259 1205 1341 placet'.
1230 1295 1271 1306 —
1294 1266 1326 1323 et
1348 1258 1425 1324 baec

292 1368 418 1449 quidem
441 1369 608 1451 hactonus;
639 1388 710 1434 nam
742 1389 816 1434 num
847 1371 887 1434 ad
914 1371 1153 1451 grammaticum
1176 1368 1264 1433 illum
1287 1368 1424 1469 releren-
1535 1341 1545 1426 ἴ

217 1577 219 1583 Ι
293 1479 367 1544 dum
398 1481 440 1544 sit
469 1480 611 1546 lectionis
641 1479 717 1544 illud
748 1485 922 1546 monstrum
952 1480 1128 1562 ‘guiocloro’
1160 1497 1185 1545 c.
1217 1478 1317 1544 LXVI
1340 1497 1369 1542 n.
1393 1482 1422 1556 6,
1530 1477 1557 1555 j*

293 1589 396 1656 adhuc
408 1590 505 1655 forme
519 1590 644 1671 deblt03
669 1589 717 1656 ost
733 1591 883 1656 autemid
903 1595 1020 1670 natum,
1043 1589 1103 1654 nisi
1119 1587 1220 1666 fallor,
1245 1607 1283 1654 ex
1297 1588 1425 1672 duplico
1524 1581 1530 1663 ἓ

457 1698 473 1740 l.
485 1708 542 1748 guro

291 1750 424 1818 lectione
455 1751 545 1816 ‘cero’
575 1747 719 1835 latetque
748 1752 780 1818 in
812 1752 902 1818 ‘cero'
934 1753 988 1818 illo
1017 1752 1122 1834 ‘gero’‚
1151 1753 1261 1832 idest,
1288 1751 1423 1834 ‘goer0'3
1524 1762 1557 1826 '1

199 1859 202 1864 '
294 1879 356 1942 qua
377 1862 415 1927 de
437 1863 594 1944 scriptura
617 1862 654 1928 cl.
678 1863 713 1928 L.
738 1863 908 1929 Muellerus
934 1862 1055 1947 [comm.
1080 1863 1178 1929 Lucil.
1200 1884 1230 1945 p.
1257 1862 1342 1947 322}

380 1971 442 2036 Sed
465 1971 513 2036 bis
537 1973 656 2037 relictis
677 1974 738 2038 iam
762 1975 802 2038 acl
830 1973 1048 2054 grauissImam
1072 1990 1153 2053 quae
1176 1978 1224 2038 est
1246 1973 1285 2037 de
1307 1969 1425 2038 Catilli
1526 2001 1533 2071 ι,
1556 1957 1557 1964 '

294 2081 452 2146 codicibus
475 2084 690 2163 quaestionem
716 2102 765 2146 rne
787 2091 918 2156 neriam.
965 2101 1034 2146 cum
1060 2089 1164 2146 antem
1188 2083 1272 2163 quod
1294 2082 1426 2163 Hauptii
1525 2130 1528 2178 3

294 2198 326 2256 et
348 2190 499 2256 Schwobii
522 2192 561 2255 de
582 2190 752 2272 archetypo
770 2189 944 2255 Ueronensi
968 2190 1232 2271 disputabonibus
1253 2189 1426 2270 diligentis·
1525 2188 1530 2210 *

294 2301 379 2366 simis
411 2301 543 2367 adimam
574 2296 656 2366 n'unc
685 2301 811 2381 quidem
843 2319 902 2365 uon
940 2300 1090 2379 habeam,
1120 2299 1226 2363 statim
1266 2298 1305 2363 de
1332 2297 1426 2361 libro·
1514 2282 1523 2334 <¹
1556 2309 1557 2316 ’

295 2428 364 2474 rum
395 2429 466 2475 mss.
505 2411 559 2492 qui
590 2426 673 2476 nunc
702 2411 792 2476 nobis
823 2416 995 2494 suppetunt
1027 2411 1130 2492 pretio
1164 2417 1259 2490 atque
1292 2408 1426 2472 auctori·
1513 2382 1524 2454 ἶ

295 2525 363 2587 tate
396 2521 555 2586 disseram.
610 2522 731 2603 priores
766 2526 871 2614 autem
902 2523 1038 2612 editores
1067 2541 1136 2587 cum
1167 2521 1248 2586 banc
1279 2520 1363 2585 uiam
1397 2519 1427 2582 in

171 2661 175 2672 ¹
294 2631 486 2697 emendando
518 2633 598 2698 libro
630 2631 806 2698 Catulliana
838 2635 967 2698 inierint
995 2641 1029 2697 ut
1059 2635 1126 2699 sine
1156 2633 1219 2698 ullo
1248 2632 1427 2698 discrimine

294 2742 434 2808 codicum
451 2743 599 2807 lectiones
610 2744 702 2808 modo
718 2743 775 2809 has
787 2747 878 2810 modo
895 2745 964 2809 illas
980 2745 1164 2825 arriperent,
1182 2749 1287 2810 nostro
1302 2743 1426 2808 saeculo

261 2839 263 2844 ’
293 2854 412 2934 primus
435 2854 541 2916 extitit
571 2853 701 2918 Carolus
724 2855 940 2926 Lachmannus
975 2855 1029 2934 qui
1059 2871 1097 2916 ox
1125 2853 1243 2932 ingenti
1275 2851 1424 2915 librorum

1521 2512 1533 2550 t
1556 2541 1557 2546 ,

293 2980 363 3026 mss.
397 2963 486 3044 copia
517 2962 595 3026 duos
618 2963 749 3042 eligeret
781 2970 939 3044 tamquam
962 2963 1135 3026 tutissimos
1157 2979 1234 3041 quos
1257 2963 1288 3026 in
1311 2961 1425 3025 consti·
1527 2974 1530 3056 ‚²

293 3073 417 3136 tuendIs
439 3077 552 3152 poetae
575 3071 679 3137 uerbis
702 3079 888 3154 sequeretur
910 3074 1020 3152 duces,
1046 3071 1201 3135 Damnum
1226 3077 1258 3136 et
1281 3070 1424 3136 Santeni-
1525 3085 1528 3124 ῑ

292 3199 394 3248 anmn.
440 3184 493 3264 qui
522 3183 595 3247 libri
623 3189 733 3266 utpote
762 3203 822 3248 non
854 3185 955 3248 mtnus
985 3199 1079 3263 qnam
1111 3183 1207 3248 ceteri
1230 3181 1296 3246 fere
1318 3199 1425 3246 omnes

287 3293 473 3374 interpolati
504 3294 586 3375 quod
618 3312 699 3359 nnnc
725 3295 818 3376 plane
845 3294 1002 3358 obiciendi
1029 3298 1118 3374 sunt,
1148 3311 1209 3357 non
1239 3293 1298 3375 ipsi
1324 3293 1423 3359 Lach-

291 3403 403 3467 'rnanno
426 3404 505 3468 uitio
528 3406 713 3470 uertendum
735 3412 791 3470 est.
836 3422 906 3470 nam
929 3405 1086 3487 postolos
1109 3405 1231 3469 demum
1255 3406 1423 3470 editionem

291 3514 388 3578 codex
411 3515 548 3578 omnium
571 3501 808 3594 antiquissimus
831 3515 1107 3596 sangermanensis
1136 3534 1163 3579 a.
1189 3520 1269 3580 1375
1291 3517 1425 3598 scriptus

291 3623 346 3708 [de
376 3641 437 3706 quo
471 3623 508 3689 cl.
537 3623 718 3690 Schwabins
743 3625 842 3708 praef.
874 3625 987 3690 Catull.
1018 3645 1047 3706 p.
1080 3624 1154 3688 VIII
1184 3625 1244 3709 sp]
1276 3626 1421 3690 innotuit.
1518 3643 1521 3652 ’

290 3735 382 3799 huius
411 3735 607 3817 potissimum
637 3736 754 3800 auxillo
784 3737 861 3800 Lud.
894 3735 1073 3800 Schwabius
1105 3734 1189 3798 haud
1220 3736 1328 3815 paucis
1348 3735 1424 3801 locis

290 3845 451 3929 archetypi
483 3845 671 3911 Ueronensis
711 3847 883 3927 scripturas
919 3847 1016 3910 multo
1053 3845 1169 3909 certius
1203 3862 1297 3925 quam
1324 3845 1422 3910 Lach-
1500 3854 1503 3860 '

290 3973 403 4018 manno
425 3974 482 4037 pro
499 3956 648 4021 librorum
667 3974 793 4020 suornm
812 3956 1093 4021 recentissImorum
1116 3954 1222 4019 indole
1244 3955 1333 4021 licuit
1353 3955 1424 4020 red·

290 4067 471 4146 integrauit,
516 4073 587 4149 post
612 4065 806 4132 Schwabium
830 4066 986 4132 Catullum
1010 4082 1078 4129 cum
1107 4064 1287 4146 plenissima
1317 4066 1423 4130 lectio-

291 4179 339 4241 nis
367 4177 523 4242 narielate
554 4177 654 4242 edidit
683 4177 718 4240 R.
750 4177 878 4242 Ellisius
907 4177 1034 4257 Anglus.
1080 4177 1134 4257 qui
1169 4181 1203 4241 ut
1226 4177 1305 4242 alios
1327 4177 1423 4243 libros
