3142 4922
9 721 11 750 ,
57 663 61 672 “
178 661 237 743 ptii
260 660 388 724 ‘Aminei
417 659 462 724 ibi
493 658 592 723 uario'
622 663 654 723 et
682 659 845 724 Ritscbelii
876 659 999 722 ‘numen
1030 657 1073 722 ibi
1103 658 1211 738 uario’,
1238 657 1313 724 mihi

179 773 242 837 ullo
265 772 357 836 modo
380 768 585 834 satisfaciunt.
630 788 702 858 pam
724 770 755 834 id
775 770 858 851 quod
878 768 1019 834 Catullus
1036 769 1170 850 scripsit,
1185 776 1311 851 aperte,

179 885 212 946 ni
235 881 336 960 fallor,
361 881 498 945 colorum
521 880 552 943 in
575 877 624 943 his
648 877 790 944 uersibus
813 879 968 964 oppositio
991 880 1118 945 indicat.
1164 880 1312 964 quemad-

179 993 304 1056 modum
332 991 429 1072 igitur
458 1010 488 1055 ιι.
511 995 551 1055 60
572 990 687 1056 ‘aurea’
718 995 750 1055 et
782 1010 812 1055 ιι.
837 994 876 1054 62
903 987 996 1054 ‘flaui’
1023 990 1083 1055 sibi
1111 991 1311 1072 respondent,

179 1103 225 1166 ita
255 1106 402 1183 corrupto
431 1101 479 1165 illi
507 1100 595 1164 ’bidii
631 1119 691 1166 oen
722 1101 775 1165 ibi’
808 1100 935 1166 subesse
963 1100 1056 1166 debet
1088 1102 1171 1181 qnod
1204 1100 1313 1165 ‘uario'

182 1213 251 1278 uoci
274 1211 451 1294 oppositum
475 1211 524 1274 sit.
568 1210 643 1276 binc
664 1228 757 1291 quam
778 1229 873 1292 saepe
896 1210 926 1274 in
953 1210 1111 1274 codicibus
1134 1215 1169 1274 ut
1192 1213 1217 1275 ‘c
1241 1210 1260 1274 l’
1281 1216 1313 1274 et

183 1323 232 1402 ‘d',
257 1323 302 1386 ita
327 1321 377 1386 ‘li’
400 1327 431 1384 et
459 1321 498 1383 ‘n’
522 1319 582 1402 [cl
597 1339 644 1384 ex.
668 1340 714 1400 gr.
739 1320 841 1386 LXIII
866 1325 906 1385 85
926 1319 1074 1384 “adhorta
1095 1320 1144 1384 lis‘
1168 1340 1225 1402 pro
1249 1319 1313 1386 ‘ad-

178 1431 316 1498 bortans'
342 1431 373 1494 in
405 1428 436 1492 V
452 1430 616 1514 scriptum]
640 1431 721 1495 inter
748 1429 816 1495 sese
839 1431 941 1495 lomim
963 1415 1155 1494 mutauerint
1178 1437 1314 1495 contem·

178 1543 279 1624 planti
302 1539 379 1606 milri
401 1541 484 1605 ultro
509 1559 547 1605 ex
575 1541 690 1606 litteris
721 1541 847 1606 traditis
877 1540 1082 1606 enasoebatur
1104 1540 1162 1606 boc
1185 1540 1245 1605 ‘bie
1267 1542 1313 1604 ni-

178 1721 237 1766 uen
261 1701 331 1779 ibi’‚
359 1701 441 1784 quod
474 1702 516 1766 nil
545 1701 633 1766 aliud
665 1707 713 1766 est
741 1701 801 1766 nisi
834 1700 894 1765 ‘hie
917 1661 1020 1766 niueir’
1041 1701 1092 1766 uel
1121 1701 1181 1766 ‘bic
1203 1702 1311 1768 niuoi’.

179 1813 386 1878 rescribamus
409 1812 522 1894 igitur:

398 1931 452 1999 bic,
470 1930 542 1984 niuei
560 1931 636 1984 uario
655 1945 689 1985 ne
708 1931 796 1984 solum
813 1932 841 1984 iu
860 1930 959 1985 lumine
978 1931 1047 1986 caeli
1066 1948 1123 2001 eqs.

178 2055 250 2100 nom
286 2035 354 2099 ‘bic'
393 2055 449 2116 pro
487 2035 572 2100 ‘tum’
601 2036 783 2119 saepissime
815 2036 921 2117 posuit
943 2035 1101 2116 Catullus
1134 2037 1172 2102 cf.
1200 2039 1229 2103 II
1261 2043 1311 2102 24.

178 2145 298 2210 LXIIII
321 2149 392 2210 270.
438 2141 553 2210 LXVII
577 2149 627 2210 37.
648 2183 690 2192 --
713 2145 869 2210 simillime
893 2145 931 2210 de
954 2147 1048 2228 plaga
1064 2149 1312 2230 septemtrionali

85 2339 87 2342 ι
178 2258 254 2322 (licit
277 2255 568 2322 Uale1·iusFlaccus
591 2256 740 2340 [111204]
766 2259 843 2321 ‘orte
866 2257 963 2320 niuali
974 2257 1121 2324 Arcados*
1140 2277 1198 2324 axe
1213 2260 1311 2326 deae'.

178 2387 207 2432 u.
233 2371 273 2431 63
297 2367 415 2430 dudum
439 2367 632 2432 intellectum
655 2372 719 2448 est,
752 2385 870 2432 comam
901 2386 961 2432 non
984 2387 1075 2449 posse
1099 2371 1270 2436 ‘unidularn
1294 2390 1313 2435 a

177 2476 283 2544 lluetu’
308 2478 422 2555 uocari,
448 2496 517 2543 cum
538 2496 625 2541 mare
648 2478 703 2541 illa
725 2496 787 2542 nou
804 2479 954 2559 tetigerit,
979 2480 1033 2543 sed
1051 2480 1176 2546 derecta
1199 2481 1252 2545 ula
1275 2499 1313 2546 ex

176 2589 323 2684 Arsinoes
352 2588 468 2670 templo
502 2588 534 2652 in
563 2587 683 2652 caelum
714 2591 803 2652 uecta
833 2589 883 2652 sit.
937 2589 1044 2669 itaque
1074 2588 1145 2654 Itali
1175 2593 1203 2654 ‘a
1224 2589 1343 2655 fletu’·

176 2700 391 2764 restituerunt.
437 2699 540 2780 potuit
562 2699 682 2762 mInore
713 2715 781 2763 cum
810 2697 983 2762 mutatione
1006 2700 1164 2764 emendari
1190 2701 1312 2766 ‘unidu-

175 2809 277 2872 lama
306 2808 411 2874 luctn’.
457 2807 515 2873 boc
546 2809 628 2873 enim
660 2808 811 2873 uocabulo
842 2810 988 2873 restituto
1010 2810 1196 2890 quibusnam
1218 2809 1312 2875 lacri-

180 2919 238 2982 mis
261 2936 349 2984 coma
370 2917 444 2983 ficta
465 2919 507 2983 sit
530 2919 626 2983 uuida
656 2917 865 3000 intellegitur,
889 2938 957 2984 cum
990 2938 1019 2983 n.
1044 2923 1082 2984 51
1106 2919 1230 3000 legatur
1249 2920 1313 2985 ‘ab-

177 3029 300 3094 iunctae
323 3029 417 3110 paulo
441 3035 514 3094 ante
539 3048 645 3096 comae
670 3049 740 3095 mea
762 3029 829 3096 fata
851 3048 973 3097 sorores
996 3029 1168 3114 lopebant’⁸

261 3139 337 3204 ibid.
360 3158 389 3203 u.
412 3143 470 3203 93:

330 3265 421 3320 sidera
441 3282 488 3320 cur
505 3267 605 3322 iterent
622 3268 725 3322 utinam
745 3283 823 3322 como
840 3268 917 3336 regia
935 3268 1016 3326 fiam:

395 3359 535 3427 proximus
554 3359 710 3430 Hydrochoi
727 3360 846 3428 fulgeret
864 3360 973 3416 Oarion.

175 3473 273 3537 uerba
295 3479 442 3555 corrupta
467 3473 581 3538 ‘sidera
611 3491 665 3538 cur
696 3474 820 3538 iterent’
844 3479 925 3540 nunc
955 3494 993 3540 ex
1024 3474 1216 3540 Lachmanni
1239 3494 1310 3540 eon-

176 3585 296 3648 iectura
317 3585 362 3650 ita
382 3585 523 3649 scribunt
546 3585 872 3650 ‘sider·acorrue1·int’.
917 3586 1000 3667 quod
1023 3586 1108 3651 nullo
1131 3587 1222 3650 modo
1239 3605 1310 3668 pos-

175 3713 243 3758 sum
266 3694 409 3776 probare,
456 3713 527 3758 nam
550 3713 652 3776 neque
684 3694 774 3761 decet
804 3714 922 3762 comam
955 3703 1019 3760 tam
1051 3696 1179 3779 impium
1203 3703 1310 3761 uotum

173 3822 285 3889 neque,
309 3811 344 3868 ut
366 3806 433 3870 uoti
455 3802 546 3870 fieret
567 3823 709 3887 compos,
733 3807 815 3890 indel
832 3807 951 3888 aliquid
973 3807 1157 3872 lucraretur.
1202 3807 1311 3871 rectis-

173 3916 251 3980 simo
274 3916 370 3996 igitur
394 3917 509 3982 iudicio
534 3917 617 3982 docti
639 3915 714 3982 Itali
737 3918 813 3983 mibi
829 3918 978 3982 uidentur
1000 3919 1171 3983 correxisse
1196 3919 1309 3983 ‘sidera

175 4043 230 4090 cur
253 4027 422 4092 retinent?
454 4046 515 4092 non
546 4034 620 4110 apte
643 4033 748 4092 autem
777 4029 871 4093 etiam
903 4029 933 4093 in
957 4028 1211 4093 Lachmanninna
1234 4030 1310 4094 scri·

126 4221 128 4226 Ι
171 4143 266 4218 ptura
289 4137 457 4203 cohaerent
488 4156 633 4219 eaquae
663 4144 845 4220 sequuntur.
893 4140 1010 4205 debuit·
1036 4141 1118 4204 enim
1153 4158 1240 4205 coma
1263 4140 1310 4204 di-

137 4255 139 4260 '
175 4266 261 4314 cere:
286 4250 312 4314 si
334 4263 416 4314 nuuc
439 4268 496 4332 ego
526 4249 641 4316 reddar
662 4249 823 4320 Berenicis
857 4251 977 4334 uertici,
1002 4256 1068 4316 tum
1090 4270 1146 4332 per
1168 4233 1311 4318 melleet
