3142 4922
766 479 802 542 71

291 645 424 742 ιΙηᾱεε
452 661 546 711 uersu
570 649 610 710 22
634 647 747 714 ‘nescio
771 647 857 729 quid’
888 664 942 728 eqs
972 645 1000 710 U
1020 646 1143 728 incipit,
1168 665 1301 731 quocum
1329 647 1361 714 P

220 773 343 838 semper
364 756 431 822 fere
452 757 616 822 consentit.
661 757 724 822 iam
748 759 775 822 si
796 776 914 837 uersor,
938 775 1016 838 quos
1031 755 1109 823 Bet
1128 757 1203 824 PU
1219 758 1358 825 familiae

220 883 331 948 prose
354 884 497 948 quaeque
518 872 694 947 seruarunt
717 868 801 934 inter
822 886 855 933 se
871 868 1111 950 comparaueris,
1133 866 1224 934 facile
1249 886 1357 935 conce·

222 976 277 1042 des
299 979 419 1042 neutris
442 996 497 1042 nos
519 995 610 1060 posse
633 995 748 1044 carere.
794 996 863 1044 cum
887 979 967 1043 enim
989 979 1094 1044 uerbis
1117 979 1180 1043 illis
1204 977 1247 1061 [u.
1271 983 1357 1044 24—
1452 985 1455 994 “

221 1085 276 1172 26]
300 1087 424 1152 ‘iterum
448 1089 565 1153 sentire
586 1125 627 1136 --
658 1090 772 1154 uulnus
803 1089 935 1155 Elissae'
966 1095 1061 1170 poeta
1087 1089 1276 1155 clarissimas
1297 1090 1357 1153 Ae-

221 1197 321 1262 neidis
342 1197 490 1263 historias
513 1198 653 1264 breuiter
672 1201 875 1282 perstringat,
897 1205 1030 1282 apparet
1051 1218 1122 1265 eum
1146 1218 1207 1265 non
1231 1217 1264 1263 se
1284 1217 1368 1264 con·.

225 1308 326 1372 tinere
347 1309 488 1390 potuisse
512 1309 543 1374 in
565 1309 678 1374 Troiae
707 1311 829 1376 excidio
856 1309 947 1395 [Aen.
970 1310 1015 1395 ll]
1040 1309 1201 1390 Didusque
1225 1309 1356 1373 interitu

223 1417 314 1504 [hen.
337 1417 395 1502 lV]
411 1420 697 1485 commemorandis.
719 1420 771 1486 hic
792 1417 861 1485 PU
884 1420 967 1486 ultro
990 1418 1057 1486 lere
1079 1425 1237 1500 tamquam
1260 1418 1358 1484 conti·

220 1530 402 1620 ouationem
424 1530 513 1594 uobis
535 1528 669 1595 offerunt
683 1547 794 1595 uersus
817 1530 887 1596 illos
905 1529 1029 1595 ‘sentiet
1044 1529 1209 1613 applicitos
1226 1565 1267 1576 -
1285 1529 1356 1594 red-

221 1640 275 1705 det
296 1639 455 1721 Amazon',
479 1641 596 1723 quippe
624 1640 738 1722 quibus
768 1641 850 1704 aliae
871 1640 1020 1705 Aeneidis
1051 1640 1248 1705 narrationes
1270 1637 1358 1703 nobi·

222 1751 276 1831 les,
301 1756 379 1833 puta
408 1751 447 1815 de
470 1749 589 1834 Sibylla
612 1748 748 1815 Cumaea
778 1749 868 1834 [hen.
896 1750 954 1834 Vl]
984 1751 1078 1815 etde
1107 1748 1240 1814 Camilla
1262 1747 1355 1833 [Aen.

223 1859 281 1944 Xl]
306 1861 533 1927 contineantur.
578 1861 689 1941 quodsi
711 1858 761 1926 his
789 1861 931 1927 uersibus
954 1861 1055 1926 elucet
1078 1859 1196 1924 nullam
1214 1859 1355 1924 codicum

215 1969 376 2036 ¹familiam
398 1989 455 2052 pro
478 1987 512 2034 se
533 1969 631 2034 solam
658 1970 794 2052 genuina
820 1975 933 2053 poetae
958 1972 1056 2036 uerba
1078 1969 1263 2046 tradidisse,
1299 1969 1354 2032 sed

223 2082 355 2147 alteram
379 2098 416 2144 ex
438 2079 539 2144 altera
563 2097 630 2145 esse
652 2081 875 2164 supplendam,
900 2083 996 2148 etiam
1017 2082 1056 2145 de
1076 2081 1188 2145 ceteris
1211 2079 1355 2145 uersibus

220 2191 304 2256 idem
333 2196 440 2273 nostro
471 2189 538 2253 iure
569 2191 801 2256 contendemus.
858 2197 893 2255 ut
926 2195 1031 2256 autem
1062 2208 1155 2272 quam
1184 2189 1355 2256 clarissime
1430 2224 1433 2236 ·

221 2301 432 2382 perspiciatur
468 2299 580 2363 harum
613 2299 775 2365 turbarum
812 2302 842 2366 iu
873 2302 1027 2368 communi
1057 2300 1226 2385 archetypo
1257 2301 1355 2380 origo,

221 2411 337 2501 pagina
363 2410 508 2491 sequenti
539 2410 774 2491 exprimendum
808 2412 917 2476 curaui
955 2410 1116 2492 archetypi
1152 2410 1261 2477 folium
1293 2410 1357 2476 tale

223 2521 316 2602 quale
347 2519 413 2584 iere
444 2525 547 2584 mente
575 2516 659 2582 finxi.
704 2520 851 2583 nimirum
879 2521 906 2585 is
937 2521 991 2602 qui
1020 2520 1171 2585 familiam
1195 2520 1267 2585 PU
1286 2538 1358 2603 pro-

224 2630 344 2696 creauit
363 2630 511 2695 librarius
541 2647 602 2693 non
632 2628 797 2710 descripsit
826 2627 893 2694 fere
922 2631 982 2694 uisi
1015 2649 1124 2694 uersus
1154 2632 1185 2694 in
1218 2631 1358 2710 margine

225 2746 384 2821 extantes
417 2758 486 2805 cum
514 2744 621 2804 contra
649 2737 787 2804 familiae
810 2737 842 2801 B
863 2741 986 2820 genitor
1015 2741 1066 2805 eis'
1090 2740 1183 2820 plane
1206 2740 1357 2820 neglectis

226 2853 327 2934 ipsum
350 2848 567 2915 tantummodo
588 2852 767 2913 contextum
796 2853 920 2928 secutus
951 2850 1001 2913 sit.
1045 2865 1102 2912 nos
1126 2849 1223 2928 igitur
1246 2865 1355 2914 uersus

226 2961 362 3044 margini
378 2960 560 3041 ‘adscriptos'
581 2960 634 3039 sic,
659 2964 694 3024 ut
716 2977 766 3023 res
789 2959 857 3041 ipsa
880 2964 911 3024 et
933 2960 1110 3041 argumenti
1130 2959 1228 3024 series
1247 2958 1348 3033 iussit,

225 3073 257 3136 iu
279 3077 459 3138 contextum
475 3071 669 3134 inseruimus.
716 3075 802 3135 recta
824 3075 929 3135 autern
943 3070 1182 3136 ratiocinatione
1204 3087 1261 3134 nos
1284 3087 1356 3134 usos

227 3203 294 3248 esse
317 3185 348 3248 in
372 3184 540 3263 archetypo
564 3180 776 3259 restituendo,
807 3181 920 3247 dorent
950 3180 1047 3246 uerba
1077 3180 1131 3246 illa
1155 3181 1196 3244 ‘id
1221 3182 1356 3246 cinerem

226 3292 310 3359 lerut
333 3312 388 3358 ora
413 3291 536 3358 noceus’
559 3292 590 3355 iu
616 3289 648 3354 P
663 3290 847 3373 locoplune
862 3291 965 3357 alieno
987 3291 1112 3373 scripta.
1158 3307 1240 3372 quae
1261 3290 1359 3355 uerba

226 3423 295 3470 cum
324 3405 407 3468 iusto
439 3404 506 3468 loco
536 3403 567 3465 io
590 3401 657 3466 sola
678 3400 708 3465 B
731 3401 852 3467 familia
879 3407 1006 3466 seruata
1030 3403 1108 3481 sint,
1142 3402 1358 3467 demonstrant

225 3515 389 3592 librarium
419 3515 485 3578 eius
516 3513 646 3591 codicia,
680 3511 762 3576 unde
796 3510 869 3575 PU
885 3509 1108 3594 profluxerunt,
1134 3512 1236 3578 adhuc
1258 3513 1360 3593 ipsum

226 3605 404 3692 contextum
428 3623 467 3688 ob
487 3623 592 3688 oeulos
617 3621 779 3700 habuisse,
812 3640 880 3686 cum
910 3623 1051 3704 alioquin
1083 3640 1143 3685 non
1167 3629 1251 3686 esset
1278 3622 1361 3686 uude

226 3755 282 3818 por
306 3753 443 3800 errorem
467 3733 520 3798 illa
547 3737 679 3815 peteret.
725 3738 821 3812 atque
851 3731 927 3798 haec
957 3731 1084 3813 quidem
1108 3731 1140 3794 iu
1163 3731 1360 3798 uniuersum:

227 3864 310 3910 nunc
332 3845 371 3910 de
395 3845 525 3924 singulis
556 3861 633 3924 quas
662 3848 775 3925 poetae
805 3842 902 3907 uerba
924 3847 1150 3907 contraxerunt
1174 3842 1361 3922 corruptelis

226 3957 400 4021 uideamus.
446 3973 509 4036 qua
531 3954 563 4018 in
586 3972 620 4018 re
642 3954 688 4018 ita
711 3954 862 4017 uersahor
893 3959 929 4016 ut
949 3953 1070 4016 minora
1091 3952 1246 4033 quaedam
1272 3969 1291 4015 a
1313 3969 1362 4016 me

229 4065 410 4143 emendata,
448 4083 528 4146 quae
555 4063 822 4129 commendatione
853 4064 908 4127 uix
937 4068 1066 4142 egeant,
1101 4061 1361 4144 praetermittam.

229 4195 257 4240 u.
282 4179 323 4239 20
344 4192 425 4258 quae
451 4173 632 4257 Bpraehet
663 4175 698 4238 ‘si
729 4175 811 4239 forte
842 4174 1009 4256 superbum
1034 4175 1153 4238 errauit
1177 4173 1239 4237 iam
1261 4174 1362 4236 morte

229 4285 329 4368 piger'
353 4303 446 4351 sensu
469 4291 543 4349 sunt
563 4284 724 4351 destituta.
771 4284 922 4351 reiculum
946 4290 1050 4350 autem
1073 4287 1121 4349 est
1143 4282 1175 4348 id
1197 4283 1280 4365 quod
1306 4299 1362 4347 nu-
