3142 4922
825 455 864 514 54

274 641 312 688 ex
349 622 379 688 0
413 623 539 704 reposui
575 621 762 704 ‘leuiterque
796 622 932 701 sonant’,
965 639 1035 686 cum
1070 621 1101 685 G
1135 620 1259 686 ‘leuiter
1290 623 1415 688 sonant’

277 733 437 816 praebeat.
483 740 567 799 recte
590 734 651 798 iam
668 733 932 799 Mitscherlichius
955 731 1087 797 contulit
1112 730 1260 797 Senecam
1284 732 1411 815 [agam.

275 841 352 928 681]
380 839 489 925 ‘ceysa
504 861 594 910 suum
616 841 712 907 fluctu
734 842 847 907 leuiter
861 843 1030 924 plangente
1050 841 1179 906 sonent’.
1204 879 1244 888 -
1268 843 1300 906 in
1318 861 1415 907 uersu

275 957 337 1018 275
362 951 487 1018 Murato
517 953 649 1034 aliisque
679 951 841 1017 offensioni
869 951 930 1018 luit
953 953 1029 1017 illud
1062 952 1201 1017 mantes.
1247 958 1416 1034 postquam

275 1065 358 1130 enim
380 1065 443 1130 iam
467 1065 498 1129 in
515 1083 607 1130 uersu
629 1064 790 1146 superiore
806 1063 909 1128 undae
933 1065 1031 1142 magis
1046 1063 1207 1144 magisque
1221 1060 1417 1128 increbuisse

276 1175 378 1240 dictae
402 1179 484 1256 suut,
509 1173 653 1254 eaedem,
678 1174 794 1256 quippe
817 1193 897 1255 quae
920 1192 1045 1256 semper
1068 1173 1118 1238 uel
1140 1174 1220 1238 mari
1243 1172 1416 1254 tranquillo

275 1281 414 1363 fluitent,
448 1303 541 1367 quam
565 1285 713 1366 languide
737 1285 787 1349 hic
811 1285 940 1348 ‘nantes’
964 1289 1114 1349 nocentur
1137 1284 1190 1347 uix
1212 1289 1317 1366 potest
1340 1284 1414 1348 dici.

274 1395 328 1460 sed
353 1396 490 1460 uirorum
514 1400 675 1462 (lectorum
703 1395 865 1460 conamina
888 1399 1057 1476 propterea
1080 1412 1098 1456 a
1120 1411 1213 1474 scopo
1243 1393 1413 1459 aberraue-

276 1512 349 1570 runt
373 1504 456 1587 quod
480 1505 519 1570 ad
543 1506 573 1570 id
598 1506 680 1586 quod
709 1506 866 1568 sententia
896 1506 1071 1570 necessario
1093 1503 1226 1585 requirit
1248 1522 1309 1568 non
1333 1506 1413 1568 satis

278 1615 577 1680 animaduerterunt.
623 1616 768 1679 nimirum
801 1616 854 1696 qui
886 1615 978 1680 modo
1011 1633 1039 1679 u.
1062 1619 1121 1678 271
1154 1613 1307 1678 Auroram
1339 1614 1416 1678 solis

277 1726 497 1807 praenuntiam
521 1726 670 1808 legimuS,
704 1743 771 1790 cum
802 1725 853 1790 hic
875 1726 923 1790 ‘ab
945 1725 1023 1790 luce’
1053 1725 1148 1808 (quod
1172 1725 1232 1789 nisi
1255 1725 1295 1789 ad
1317 1725 1416 1788 solem

276 1837 377 1918 ipsum
402 1855 460 1901 non
484 1842 588 1919 potest
609 1836 734 1916 referri)
758 1836 1036 1918 deprehendamus
1062 1836 1144 1898 unde
1158 1839 1220 1898 tam
1243 1834 1346 1899 subito
1368 1836 1417 1900 sol

280 1947 465 2029 apparuerit
499 1953 605 2013 nostro
637 1948 704 2012 iure
734 1948 891 2013 miramur.
936 1945 1009 2011 hinc
1030 1951 1134 2010 autem
1155 1945 1215 2009 loci
1237 1946 1416 2010 emendatio

280 2057 417 2138 petenda
440 2062 516 2121 erat.
562 2058 713 2123 rescribo:
738 2060 967 2139 ‘purpureaque
980 2056 1087 2137 procul
1112 2059 1261 2121 irascente
1284 2055 1322 2120 ab
1344 2056 1416 2121 luce

277 2166 453 2246 refulgent’.
499 2173 584 2232 recte
614 2171 718 2231 autem
744 2167 861 2232 Phoebi
890 2167 1045 2231 nascentis
1076 2165 1126 2250 [oi.
1157 2165 1339 2256 Lactantius
1374 2167 1417 2232 de

280 2293 339 2340 crue
358 2275 514 2342 Phoenice
538 2295 565 2340 u.
591 2255 645 2360 41']
669 2257 859 2343 lux'dioitur
884 2277 1077 2360 ‘purpurea’3
1111 2276 1148 2342 cf.
1172 2295 1210 2340 ex
1232 2295 1277 2358 gr.
1302 2277 1417 2342 Neme-

285 2384 614 2472 sianus[ecl.1175]
646 2388 791 2452 ‘nondum
812 2406 986 2470 purpureos
1017 2387 1160 2452 Phoebus
1191 2406 1259 2453 cum
1290 2387 1417 2452 tolleret

284 2502 371 2562 ortus
394 2515 450 2562 nee
466 2496 633 2562 tremulum
656 2498 783 2580 liquidis
807 2498 910 2563 lumen
928 2498 1107 2580 splenderet
1124 2499 1155 2562 in
1171 2499 1281 2563 undis'.
1306 2515 1416 2580 quarn-

283 2626 375 2690 qnam
391 2607 562 2690 habetque
580 2627 612 2673 se
628 2609 821 2674 commendat
837 2601 996 2691 Lennepii'
1012 2611 1188 2674 coniectura
1213 2611 1415 2691 ‘purpureae-

285 2719 364 2800 que’.
389 2711 428 2767 -’
454 2737 555 2802 neque
579 2725 681 2784 tamen
705 2719 764 2786 hoc
787 2721 885 2786 solum
909 2720 992 2802 quod
1015 2720 1105 2784 modo
1120 2709 1302 2800 profligasse
1324 2719 1415 2784 nobis

285 2830 427 2894 uidemur
452 2831 562 2895 uitium
586 2849 694 2895 uersus
717 2849 812 2912 supra
836 2831 967 2911 excripti
989 2835 1220 2895 contraxerunt.
1262 2848 1338 2893 nam
1360 2846 1414 2893 ne-

278 2958 339 3022 que
359 2958 452 3020 quam
475 2959 582 3004 sanam
606 2940 895 3022 interpretationem
920 2940 1038 3004 tradita
1057 2940 1148 3005 lectio
1167 2939 1334 3004 ‘uestibuli’
1357 2939 1414 3005 ha-

278 3050 352 3114 beat
388 3067 488 3130 neque
518 3049 592 3131 quid
626 3049 791 3116 Schraderi
828 3051 1006 3115 coniectura
1046 3050 1219 3115 ‘uestibulo’
1257 3050 1414 3116 lucremur

235 3195 239 3205 ·
279 3159 443 3241 perspicio.
490 3165 537 3225 est
551 3165 655 3224 autem
675 3161 915 3244 comparationis
931 3178 1050 3224 summa
1073 3160 1166 3226 haec:
1190 3167 1225 3225 ut
1240 3179 1327 3225 mare
1344 3161 1414 3226 luce

281 3287 363 3332 nouo
386 3268 537 3351 paulatim
568 3270 703 3349 insurgit
734 3277 765 3334 et
795 3272 893 3350 magis
927 3271 1087 3353 magisque
1118 3273 1220 3336 uentis
1250 3273 1409 3351 incitatur,

283 3381 326 3444 ita
349 3382 400 3463 qui
424 3387 489 3444 tum
522 3381 552 3444 in
586 3383 672 3460 regia
694 3383 808 3445 adsunt
829 3381 1009 3446 Thessaliae
1033 3382 1168 3460 incolae,
1200 3381 1252 3446 ubi
1277 3384 1344 3448 deis
1366 3382 1411 3446 lo-

280 3509 348 3554 cum
370 3490 447 3554 dare
469 3491 601 3569 debent,
626 3492 716 3555 celeri
741 3494 841 3574 gradu
866 3493 905 3556 ad
929 3492 1012 3556 fores
1034 3497 1205 3574 properant
1227 3493 1409 3574 exitumque

278 3607 450 3682 quaerunt3
482 3621 543 3682 qno
565 3601 670 3682 plures
696 3609 800 3668 autem
824 3602 1085 3682 insequebantur,
1118 3621 1155 3666 eo
1176 3604 1275 3674 magis
1296 3604 1411 3684 primo-

278 3711 364 3774 ribus
388 3711 468 3792 pede
490 3713 586 3775 citato
611 3718 678 3776 erat
702 3715 889 3779 abeundum.
936 3713 1029 3776 talem
1053 3718 1158 3776 autem
1176 3713 1327 3791 uoculam,
1350 3731 1413 3794 qua

279 3821 490 3886 iurultitudinis
513 3824 689 3888 concitatae
712 3841 927 3907 properaeque
950 3841 1018 3888 cum
1050 3824 1145 3887 uraris
1168 3825 1259 3888 undis
1282 3823 1412 3888 tumidis

277 3933 448 3997 similitudo
471 3932 606 4012 eluceat,
640 3934 726 3999 nullo
749 3935 840 3999 modo
864 3934 1008 3998 omittere
1028 3934 1132 4014 potuit
1154 3931 1312 4014 Catullus,
1343 3952 1412 3999 cum

276 4042 414 4124 alioquin
440 4061 500 4107 nou
524 4048 587 4108 stet
609 4043 721 4125 imago.
767 4045 840 4110 hinc
862 4048 953 4109 suum
975 4043 1107 4108 restituo
1123 4041 1265 4108 Catullo:
1292 4045 1346 4109 ‘sio
1368 4044 1411 4108 ihi

273 4149 389 4236 festinat
410 4152 579 4234 linquentis
603 4154 689 4236 regia
713 4154 815 4219 tecta’.
