3142 4922
724 381 764 442 27

170 549 280 618 *ouum
308 550 441 630 ignotos,
481 550 527 613 ita
560 549 697 616 codicem
726 547 934 644 oxoniensem
965 545 1224 633 [Canonicianum
1258 547 1313 634 30]

160 636 224 728 ‘ita
246 659 392 729 adhibuit
413 664 449 725 ut
473 664 577 724 tamen
601 677 752 724 summam
772 659 839 724 eius
859 658 891 727 in
915 659 988 724 crisi
1008 657 1187 726 Catulliana
1209 662 1315 724 aucto·

179 773 307 850 ritatem
330 769 458 836 minime
479 769 687 852 perspiceret,
719 768 846 834 tandem
875 769 972 849 igitur
1001 787 1057 834 nos
1080 767 1139 833 hac
1162 785 1313 834 commen·

180 882 301 948 tatione
323 880 523 948 ostendemus
537 878 659 948 duobus
679 883 802 944 tantum
816 878 985 961 codicibus,
1008 879 1128 948 scilicet
1143 877 1315 946 Ouoniensi

181 996 213 1058 et
236 989 515 1071 sangermanensi,
539 993 748 1073 propagatum
771 1005 839 1056 esse
863 988 1067 1072 archetypum
1091 988 1314 1056 Ueronensem.

191 1157 195 1165 .
266 1099 425 1166 Summum
447 1106 553 1175 autem
574 1101 648 1166 libri
671 1098 857 1168 Oxooiensis
880 1097 941 1186 [0]
964 1100 1101 1182 pretium
1124 1098 1176 1164 uel
1200 1115 1237 1164 eo
1260 1115 1316 1178 ap·
1424 1167 1427 1172 ,

177 1201 271 1292 paret
303 1210 387 1302 quod
411 1212 495 1278 solus
524 1211 591 1278 fere
622 1212 731 1280 eodem
759 1215 911 1292 tempore,
935 1209 1054 1278 scilicet
1077 1213 1210 1275 exeunte
1235 1225 1315 1274 saec.
1365 1277 1367 1280 .

179 1319 261 1402 XIV,
288 1337 350 1402 quo
374 1319 653 1404 Sangermanensis
682 1319 745 1406 [G]
769 1320 904 1404 scriptus
925 1325 981 1385 est.
1027 1319 1124 1388 ceteri
1149 1335 1255 1384 omues
1278 1315 1316 1381 li·

69 1493 83 1527 ,
179 1430 228 1495 bri
251 1429 466 1513 (septuaginta
487 1431 554 1498 fere
577 1449 705 1497 numero
728 1433 815 1512 sunt)
838 1449 908 1498 cum
929 1447 1010 1496 saec.
1033 1427 1101 1508 XV,
1125 1428 1184 1494 hoc
1207 1432 1315 1496 osteo

12 1577 15 1589 -
73 1577 74 1580 =
180 1545 321 1622 tempore
343 1558 405 1623 quo
429 1542 513 1612 docti
535 1542 610 1608 Itali
635 1542 735 1607 ueluti
766 1541 863 1608 irenis
885 1541 1021 1608 inmissis
1045 1539 1239 1620 corrigendis
1262 1556 1317 1606 ao-

180 1650 278 1730 tiquis
301 1651 481 1716 auctoribus
503 1655 661 1716 nauarunt
684 1667 827 1732 operam,
857 1650 977 1716 exarati
998 1650 1077 1726 sint,
1112 1667 1168 1731 per
1197 1668 1231 1714 se
1254 1649 1315 1718 iam

66 1762 76 1855 ’ἐς
181 1765 313 1840 apparat
341 1761 518 1826 secundarii
548 1765 669 1826 tantum
703 1759 799 1840 pretii
828 1760 869 1826 ad
899 1760 1120 1842 reciperandae
1150 1758 1316 1841 archetypi

69 1855 75 1922 τ’
184 1868 375 1938 Ueronensis
399 1869 460 1956 [V]
483 1871 632 1936 lectiones
655 1868 769 1951 esse*).

203 1969 211 1983 ’
270 1979 331 2044 Sed
355 1982 520 2046 utstatim
551 1986 703 2064 appareat
726 1981 852 2045 tandem
876 1999 932 2045 suo
955 1979 1064 2046 honori
1087 1978 1316 2044 restituendum

73 2067 80 2095 ¹
182 2109 250 2158 esso
271 2089 488 2170 Oxouiensem,
512 2090 640 2158 afferam
665 2091 806 2172 exauupla
830 2092 984 2172 quaedam
1014 2107 1052 2154 ex
1072 2090 1209 2158 carmina
1230 2088 1317 2154 LXII
1348 2093 1349 2096 ’

80 2218 84 2284 ἢ
180 2203 296 2283 petita,
331 2203 415 2282 quod
442 2197 478 2266 ¹iu
501 2201 650 2267 Thuaneo
673 2219 798 2283 quoque
824 2199 887 2288 [Τ]
911 2219 991 2266 saec.
1014 2201 1043 2265 X
1066 2206 1226 2270 seruatum
1250 2219 1317 2264 esse

78 2311 86 2361 ἓ
182 2317 313 2382 constat.
359 2313 468 2378 oruitto
501 2312 544 2376 ibi
566 2331 596 2376 u.
619 2315 637 2376 3
665 2311 732 2376 TO
756 2312 910 2393 ‘pinguis’,
937 2312 1010 2376 Gn
1033 2319 1137 2380 autera
1163 2309 1314 2392 ‘pingues'

21 2428 25 2438 '
75 2427 89 2514 ᾖ)
181 2421 349 2502 praebere:
373 2423 471 2488 multo
487 2421 614 2486 maioris
637 2422 676 2486 ad
701 2422 916 2503 quaestionem
937 2428 1075 2488 nostram
1098 2421 1247 2486 momenti
1270 2426 1318 2485 est

69 2603 71 2622 κ
182 2550 212 2594 ιι.
236 2536 272 2610 8,
305 2530 426 2606 ubiex
456 2531 612 2610 scriptura
642 2531 674 2594 iu
709 2530 741 2594 Τ
765 2531 859 2596 obuia
892 2533 998 2596 ‘siccer
1031 2537 1078 2596 tes
1100 2532 1120 2596 i’
1149 2537 1233 2596 recte
1256 2531 1317 2596 uiri

69 2647 70 2652 ’
184 2641 266 2706 docti
291 2639 433 2706 fecerunt
456 2641 511 2704 ‘sic
532 2642 663 2705 certest'.
712 2641 741 2704 0
764 2647 869 2706 autem
892 2660 962 2706 cum
989 2639 1083 2706 Tita
1106 2643 1261 2706 consentit
1282 2646 1317 2706 ut

23 2826 28 2846 ι
73 2797 74 2812 ι
180 2751 274 2832 paulo
291 2751 408 2816 rectius
431 2751 484 2816 ‘sic
507 2756 590 2816 certe
613 2750 649 2815 si’
671 2750 832 2833 praebeat.
878 2753 932 2816 sed
951 2751 1081 2844 enim'G
1089 2750 1123 2815 D
1145 2753 1200 2818 ‘sic
1222 2753 1316 2820 certe'

17 2846 24 2908 'i
64 2873 73 2915 ·'
181 2863 293 2927 omisso
316 2862 371 2926 illo
396 2861 442 2926 ‘si’
466 2861 592 2927 habent.
637 2863 699 2926 iam
729 2861 817 2942 hinc,
848 2880 916 2926 cum
946 2863 985 2928 de
1015 2862 1258 2943 interpolatione
1284 2863 1315 2928 in

75 2953 78 2991 ²
184 2969 325 3037 Onulla
346 2978 439 3054 pecto
470 2973 603 3054 cogitari
634 2978 744 3054 queat,
780 2973 809 3036 0
837 2973 934 3037 multo
964 2971 1088 3038 fidelius
1111 2973 1315 3055 archetypum

25 3116 28 3137 ι
72 3144 79 3192 1
181 3083 270 3146 nobis
293 3082 426 3148 reddere
448 3084 622 3164 putandum
645 3088 693 3147 est
716 3100 809 3164 quam
836 3081 916 3164 GD,
940 3085 1056 3164 quippe
1079 3083 1240 3163 inquibus
1263 3103 1317 3149 uo·

184 3195 255 3258 cula
275 3210 368 3258 seusu
398 3209 486 3255 cassa
509 3193 623 3256 omissa
651 3194 701 3256 sit.
725 3227 768 3238 -
792 3212 887 3274 porro
919 3213 947 3256 ιι.
971 3199 1012 3258 40
1042 3195 1177 3273 ‘ignotus
1199 3193 1315 3275 pecori,

34 3379 38 3399 .
77 3319 83 3331 ·
182 3303 267 3372 nullo
291 3301 455 3370 conuolsus
478 3301 594 3366 aratro'
618 3301 734 3382 legitur
757 3303 789 3366 in
817 3301 862 3367 T:
880 3303 953 3366 (Η)
974 3322 1032 3384 pro
1057 3303 1240 3369 ‘conuolsus'
1265 3323 1316 3370 ex-

73 3446 77 3457 ,
181 3413 289 3478 hibent
313 3411 489 3492 ‘contusus’,
517 3413 673 3476 Oautem
690 3411 880 3484 ‘conclusus’.
926 3413 984 3478 hoc
1001 3420 1105 3482 autem
1122 3413 1314 3496 'conclusus’,

1230 3523 1252 3564 cl

5 3589 10 3618 ι’
71 3649 76 3657 ,
186 3595 254 3642 cum
278 3574 418 3658 proxime
442 3572 523 3638 absit
539 3573 578 3637 ab
595 3571 648 3636 illo
671 3571 854 3636 ‘conuolsus’
877 3611 918 3621 —
935 3591 1045 3655 nempe
1067 3573 1140 3638 olim
1164 3577 1355 3640 ‘conusus’·

180 3687 241 3751 luit
264 3690 426 3752 exaratum
442 3721 493 3764 -,
517 3684 549 3746 iu
573 3682 755 3746 Vertitisse
778 3684 871 3764 plane
895 3684 1044 3750 credibile
1067 3691 1122 3766 est,
1148 3687 1315 3750 ‘contusus'

4 3837 6 3864 ι
26 3849 29 3874 ,
62 3782 68 3804 ¹
97 3803 104 3818 '
181 3804 284 3901 autem
301 3817 339 3862 ex
356 3796 576 3879 qualicumque
591 3795 771 3859 coniectura
788 3795 959 3875 repositum
982 3813 1059 3860 esse.
1082 3833 1125 3843 -—
1147 3800 1214 3860 tum
1231 3815 1260 3860 ιι.
1275 3801 1315 3862 63

250 4052 274 4122 *l
295 4053 494 4107 consentientes
522 4051 686 4106 deteriorum
709 4049 832 4104 codicum
855 4053 971 4106 omnium
990 4051 1120 4108 lectiones
1138 4047 1250 4120 D‘siglo
1268 4067 1317 4107 nc·

181 4145 252 4212 taui;
271 4149 287 4198 d
307 4146 394 4214 posui,
413 4146 459 4200 ubi
478 4161 559 4200 uuum
579 4150 626 4200 aut
646 4143 714 4202 duos
734 4161 768 4200 ex
786 4145 826 4200 eis
845 4145 962 4214 opposui
980 4145 1101 4214 reliquis.
