3142 4922
752 381 793 444 24

203 551 317 633 plicem
340 550 509 616 ueritatem
532 566 701 632 agnoscere
732 550 890 616 maluisse.
937 556 968 615 et
997 551 1075 622 satis
1107 525 1186 615 mihi
1217 553 1340 615 constat

76 667 82 674 '
205 661 365 743 Hyginum
396 660 572 725 doctrinam
612 661 750 726 iactandi
781 677 875 724 causa
910 659 1094 725 Callimachi
1123 677 1234 724 nomen
1272 661 1339 724 uhi·

205 787 266 852 que
282 769 432 851 posuisse,
458 786 527 835 cum
544 769 692 834 carminis
707 769 910 837 Callimachei
927 770 1073 835 notitiam
1090 787 1128 833 ex
1141 787 1205 834 una
1222 768 1337 835 Catulli

203 880 349 946 nersione
376 880 528 944 hauserit.
573 897 633 944 non
665 897 763 960 urgeo
796 880 874 944 illud
909 879 1131 961 ‘magnanima‘
1162 898 1180 944 e
1214 878 1337 944 Catullo

204 989 247 1074 [u.
269 990 323 1074 26]
346 993 526 1072 sumptum:
552 986 614 1053 duo
637 989 829 1072 certissima,
851 990 912 1054 nisi
935 989 1043 1068 fallor,
1068 990 1210 1054 lectionis
1231 988 1337 1054 Catul-

204 1100 309 1164 lianae
330 1099 468 1180 uestigia
489 1098 614 1179 adsunt,
637 1117 751 1182 nempe
767 1102 866 1165 uerba
890 1101 1008 1164 ‘Asiam
1024 1103 1241 1182 oppugnatum
1264 1117 1335 1180 pro·
1451 1173 1458 1199 .

204 1209 306 1274 fectus
329 1210 420 1274 esset'
444 1210 499 1292 (z
518 1228 548 1273 u.
574 1213 613 1274 13
639 1213 810 1275 ‘uastatum
832 1209 903 1276 finis
925 1212 1030 1276 iuerat
1054 1210 1222 1293 Assyrios')
1243 1214 1274 1273 et
1299 1209 1335 1272 ‘si
1453 1208 1458 1219 “

204 1319 306 1384 uictor
335 1319 535 1384 Ptolomaeus
562 1321 705 1386 redisset'
727 1321 781 1403 (z
804 1339 833 1384 u.
858 1325 897 1386 35
920 1321 955 1387 ’si
984 1321 1121 1385 reditum
1144 1319 1335 1402 tetulisset').

204 1447 277 1494 nam
300 1433 406 1495 cetera
427 1445 510 1510 quae
529 1431 703 1495 narrationi
726 1431 858 1496 inseruit
881 1449 919 1495 ex
940 1432 1103 1495 doctorum
1127 1432 1159 1494 in
1180 1430 1336 1497 Catullum

205 1521 437 1606 commentariis
460 1537 619 1620 Hyginum
641 1539 757 1622 petisse
779 1546 866 1623 puto.

289 1650 432 1714 Alterum
455 1649 632 1730 exemplum
654 1650 784 1732 praebet
800 1650 976 1716 scholiasta
987 1650 1162 1728 Berrrensis
1186 1649 1242 1729 qni
1259 1647 1337 1713 haec

205 1781 243 1825 ex
273 1761 378 1826 Iunilii
418 1759 469 1843 [cf.
500 1759 650 1842 Hagenus
685 1781 714 1843 p.
749 1760 825 1848 703]
860 1761 1095 1827 commentariis
1131 1765 1258 1842 sumpta
1295 1760 1335 1824 ad

204 1871 298 1951 Uerg.
320 1870 375 1936 Ge.
391 1871 435 1937 IV
451 1875 512 1935 289
529 1871 573 1955 [p.
587 1871 664 1956 971]
678 1874 819 1938 exhibet:
842 1871 1001 1951 ‘Phaselis
1025 1889 1123 1952 genus
1137 1871 1267 1936 nauium
1291 1870 1337 1952 pi·

204 1987 335 2046 clarum.
381 1982 464 2046 sicus
492 1983 645 2064 phasillus
675 1983 727 2047 ille
750 2001 844 2064 quem
874 1983 984 2062 agiunt
1008 1989 1168 2064 auctorem
1192 1999 1259 2045 esse
1282 2001 1337 2046 na-

204 2093 292 2157 uium
321 2091 516 2177 cjalaetarum
543 2091 756 2174 l‘celatnrum’
786 2093 878 2156 Bern.
908 2092 990 2172 167),
1023 2109 1117 2171 quem
1149 2091 1259 2154 hahuit
1282 2091 1337 2154 ho-

203 2221 274 2283 spes
297 2201 452 2266 Serenus'.
498 2206 530 2264 et
558 2203 604 2266 ita
634 2201 760 2282 quidem
792 2203 922 2267 codices.
969 2202 1023 2281 qui
1051 2201 1137 2265 locus
1166 2193 1335 2278 postquam

204 2311 370 2377 infeliciter
410 2311 449 2376 ab
480 2311 653 2376 editoribus
688 2318 843 2377 tractatus
875 2318 939 2393 est,
980 2328 1040 2374 non
1078 2307 1178 2373 multo
1212 2305 1334 2370 felicius

205 2421 245 2486 ab
278 2421 418 2503 Hauptio
449 2420 570 2506 [Herm.
603 2422 648 2486 IV
678 2441 708 2504 p.
743 2421 874 2508 33tsq.]
903 2426 1075 2505 temptatus
1106 2425 1154 2484 est
1174 2420 1219 2482 ita
1250 2416 1340 2482 ‘sicut

203 2532 351 2613 phaselus
374 2532 428 2597 ille
451 2551 544 2614 quern
564 2533 608 2598 ait
625 2541 736 2599 auctor
751 2553 819 2599 esse
836 2535 965 2598 nauium
984 2530 1203 2610 celerrimum,
1229 2547 1339 2610 quam·

205 2661 298 2724 quarn
330 2643 503 2708 rectissimo
524 2643 576 2708 ille
594 2645 734 2711 restituit
759 2625 987 2712 ‘celerrimum'.
1032 2645 1064 2708 in
1088 2660 1124 2707 eo
1147 2642 1230 2706 enim
1254 2639 1339 2721 qnod

204 2753 358 2817 traditum
377 2759 424 2818 est
436 2755 541 2835 ‘quem
559 2754 679 2834 agiunt'
698 2756 741 2821 nil
756 2757 834 2821 latet
850 2756 910 2820 nisi
930 2758 1033 2835 ‘quem
1051 2752 1167 2831 aiunt';
1191 2750 1269 2815 illud
1283 2767 1339 2813 au-

206 2869 269 2928 tem
295 2864 475 2928 ‘auctorem'
506 2859 611 2944 inepto
640 2883 660 2928 a
688 2865 818 2929 librario
849 2865 1038 2930 inculcatum
1071 2879 1138 2926 esse
1169 2878 1226 2940 pro
1250 2866 1336 2924 certo

203 2973 313 3038 habeo.
359 2972 435 3037 haec
456 2973 553 3052 igitur
574 2973 707 3037 restituo
736 2954 826 3038 ‘sicut
858 2972 1004 3058 phaselus
1036 2970 1090 3034 ille
1122 2988 1216 3050 quern
1247 2971 1339 3033 aiunt

204 3103 271 3148 esse
292 3083 422 3148 nauium
444 3083 661 3148 celerrimum'.
708 3085 753 3147 ita
774 3089 881 3147 autem
904 3081 988 3162 apud
1005 3079 1164 3145 Catullum
1187 3084 1338 3160 corrupte

202 3194 320 3274 legitur
342 3193 372 3256 in
397 3191 569 3256 Ueronensi
595 3193 693 3257 ‘aiunt
713 3192 810 3258 luisse
831 3194 962 3258 nauium
985 3188 1206 3260 celerrimum'.
1253 3188 1338 3270 quod

204 3304 319 3368 adiecit
340 3302 474 3366 Iunilius
498 3305 602 3384 ‘quern
619 3302 731 3368 habuit
754 3303 866 3384 hospes
884 3300 1040 3380 Serenus,
1066 3302 1133 3366 eius
1157 3301 1203 3364 rei
1227 3300 1337 3364 itidem

203 3413 257 3477 ille
281 3431 327 3498 ex·
348 3413 573 3478 commentario
596 3415 735 3495 quodam
758 3415 788 3477 in
813 3412 973 3478 Catullum
997 3412 1169 3494 composito
1193 3412 1339 3476 notitiam

203 3523 347 3604 sumpsit.

290 3632 358 3696 Hoc
394 3632 491 3712 igitur
528 3632 697 3696 tenendum
728 3639 777 3698 est
806 3632 921 3700 Catulli
959 3632 1075 3697 librum
1108 3633 1172 3697 iam
1203 3636 1360 3694 exeunte>

203 3743 395 3823 antiquitate
417 3737 483 3806 fere
502 3743 612 3806 eadem
638 3760 702 3823 qua
725 3744 756 3807 in
772 3744 944 3810 Ueronensi
967 3742 1166 3823 corruptione
1188 3739 1336 3804 affectum

204 3854 308 3918 luisse.
353 3853 480 3917 uidetur
509 3859 616 3916 antem
648 3854 860 3920 condicionem
889 3855 956 3919 eius
979 3839 1175 3934 deploratam
1207 3851 1337 3914 misera-

204 3970 255 4027 tus
280 3964 505 4044 grammaticus
537 3963 666 4043 quidam
700 3963 972 4046 (Symmachorum
1004 3962 1138 4026 fortasse
1166 3961 1285 4042 aetate)
1306 3964 1334 4025 ei

204 4074 398 4140 emendando
414 4074 581 4138 studuisse.
628 4079 712 4138 certe
737 4075 823 4139 clara
848 4081 1023 4156 apertaque
1046 4072 1145 4137 critici
1168 4071 1332 4138 cniusdam

205 4187 297 4265 signa
318 4186 497 4250 etiamnunc
520 4191 697 4265 supersunt.
743 4184 784 4247 nl
808 4203 838 4248 u.
864 4191 877 4247 1
910 4183 936 4247 V
962 4182 1039 4247 haec
1059 4182 1154 4247 habet
1176 4183 1239 4248 ‘ille
1259 4182 1336 4248 mihi
