<?xml version="1.0" encoding="UTF-8"?>
<!DOCTYPE html PUBLIC "-//W3C//DTD XHTML 1.0 Transitional//EN"
    "http://www.w3.org/TR/xhtml1/DTD/xhtml1-transitional.dtd">
<html xmlns="http://www.w3.org/1999/xhtml" xml:lang="en" lang="en">
 <head>
  <title>
</title>
<meta http-equiv="Content-Type" content="text/html;charset=utf-8" />
  <meta name='ocr-system' content='tesseract 3.04.00' />
  <meta name='ocr-capabilities' content='ocr_page ocr_carea ocr_par ocr_line ocrx_word'/>
</head>
<body>
  <div class='ocr_page' id='page_1' title='image "./analectacatulli00baehgoog/analectacatulli00baehgoog_0080.png"; bbox 0 0 3142 4922; ppageno 0'>
   <div class='ocr_carea' id='block_1_1' title="bbox 746 509 785 568">
    <p class='ocr_par' dir='ltr' id='par_1_1' title="bbox 746 509 785 568">
     <span class='ocr_line' id='line_1_1' title="bbox 746 509 785 568; baseline 0.026 -1"><span class='ocrx_word' id='word_1_1' title='bbox 746 509 785 568; x_wconf 81' lang='lat'><strong>75</strong></span> 
     </span>
    </p>
   </div>
   <div class='ocr_carea' id='block_1_2' title="bbox 211 674 1077 2391">
    <p class='ocr_par' dir='ltr' id='par_1_2' title="bbox 299 674 1077 1261">
     <span class='ocr_line' id='line_1_2' title="bbox 301 674 989 743; baseline 0.001 -15"><span class='ocrx_word' id='word_1_2' title='bbox 301 679 414 743; x_wconf 80' lang='lat' dir='ltr'>pectora</span> <span class='ocrx_word' id='word_1_3' title='bbox 450 713 684 740; x_wconf 83' lang='lat'><strong>.......</strong></span> <span class='ocrx_word' id='word_1_4' title='bbox 720 674 742 728; x_wconf 91' lang='lat' dir='ltr'><strong>si</strong></span> <span class='ocrx_word' id='word_1_5' title='bbox 759 674 853 742; x_wconf 80' lang='lat' dir='ltr'><strong>lingua</strong></span> <span class='ocrx_word' id='word_1_6' title='bbox 871 674 989 740; x_wconf 84' lang='lat' dir='ltr'><strong>locutast</strong></span> 
     </span>
     <span class='ocr_line' id='line_1_3' title="bbox 301 775 1077 847; baseline 0 -15"><span class='ocrx_word' id='word_1_7' title='bbox 301 777 395 832; x_wconf 88' lang='lat' dir='ltr'><strong>nescio</strong></span> <span class='ocrx_word' id='word_1_8' title='bbox 415 778 480 845; x_wconf 90' lang='lat' dir='ltr'><strong>quid</strong></span> <span class='ocrx_word' id='word_1_9' title='bbox 497 775 618 846; x_wconf 81' lang='lat' dir='ltr'><strong>fugiente</strong></span> <span class='ocrx_word' id='word_1_10' title='bbox 637 778 728 832; x_wconf 88' lang='lat' dir='ltr'><strong>anima</strong></span> <span class='ocrx_word' id='word_1_11' title='bbox 745 792 800 832; x_wconf 90' lang='lat' dir='ltr'><strong>non</strong></span> <span class='ocrx_word' id='word_1_12' title='bbox 821 784 928 847; x_wconf 90' lang='lat' dir='ltr'><strong>sponte,</strong></span> <span class='ocrx_word' id='word_1_13' title='bbox 947 778 995 834; x_wconf 88' lang='lat' dir='ltr'><strong>sed</strong></span> <span class='ocrx_word' id='word_1_14' title='bbox 1012 779 1077 834; x_wconf 87' lang='lat' dir='ltr'><strong>altis</strong></span> 
     </span>
     <span class='ocr_line' id='line_1_4' title="bbox 301 880 911 952; baseline 0.002 -17"><span class='ocrx_word' id='word_1_15' title='bbox 301 887 457 950; x_wconf 80' lang='lat' dir='ltr'><strong>expugnata</strong></span> <span class='ocrx_word' id='word_1_16' title='bbox 474 880 553 936; x_wconf 89' lang='lat' dir='ltr'><strong>malis</strong></span> <span class='ocrx_word' id='word_1_17' title='bbox 573 881 637 937; x_wconf 88' lang='lat' dir='ltr'><strong>odic</strong></span> <span class='ocrx_word' id='word_1_18' title='bbox 655 881 797 952; x_wconf 81' lang='lat' dir='ltr'><strong>languoris</strong></span> <span class='ocrx_word' id='word_1_19' title='bbox 815 882 911 951; x_wconf 87' lang='lat' dir='ltr'><strong>iniqui,</strong></span> 
     </span>
     <span class='ocr_line' id='line_1_5' title="bbox 301 981 951 1040; baseline 0 -1"><span class='ocrx_word' id='word_1_20' title='bbox 301 985 324 1039; x_wconf 91' lang='lat' dir='ltr'><strong>si</strong></span> <span class='ocrx_word' id='word_1_21' title='bbox 341 999 417 1039; x_wconf 91' lang='lat' dir='ltr'><strong>mens</strong></span> <span class='ocrx_word' id='word_1_22' title='bbox 437 999 521 1038; x_wconf 84' lang='lat' dir='ltr'><strong>caeca</strong></span> <span class='ocrx_word' id='word_1_23' title='bbox 538 981 602 1040; x_wconf 87' lang='lat' dir='ltr'><strong>fuit:</strong></span> <span class='ocrx_word' id='word_1_24' title='bbox 621 984 720 1039; x_wconf 87' lang='lat' dir='ltr'><strong>iterum</strong></span> <span class='ocrx_word' id='word_1_25' title='bbox 739 985 839 1040; x_wconf 87' lang='lat' dir='ltr'><strong>sentire</strong></span> <span class='ocrx_word' id='word_1_26' title='bbox 858 983 951 1039; x_wconf 86' lang='lat' dir='ltr'><strong>ruinas</strong></span> 
     </span>
     <span class='ocr_line' id='line_1_6' title="bbox 301 1085 989 1155; baseline 0.001 -13"><span class='ocrx_word' id='word_1_27' title='bbox 301 1087 383 1142; x_wconf 81' lang='lat' dir='ltr'><strong>Troia</strong></span> <span class='ocrx_word' id='word_1_28' title='bbox 400 1101 472 1155; x_wconf 88' lang='lat' dir='ltr'><strong>suas,</strong></span> <span class='ocrx_word' id='word_1_29' title='bbox 489 1087 587 1142; x_wconf 88' lang='lat' dir='ltr'><strong>iterum</strong></span> <span class='ocrx_word' id='word_1_30' title='bbox 606 1090 718 1154; x_wconf 78' lang='lat' dir='ltr'><strong>cogetur</strong></span> <span class='ocrx_word' id='word_1_31' title='bbox 736 1085 827 1141; x_wconf 81' lang='lat' dir='ltr'>sidere</span> <span class='ocrx_word' id='word_1_32' title='bbox 844 1086 873 1141; x_wconf 90' lang='lat' dir='ltr'><strong>in</strong></span> <span class='ocrx_word' id='word_1_33' title='bbox 890 1087 989 1155; x_wconf 79' lang='lat' dir='ltr'><strong>ignes?</strong></span> 
     </span>
     <span class='ocr_line' id='line_1_7' title="bbox 299 1189 1010 1261; baseline -0.003 -15"><span class='ocrx_word' id='word_1_34' title='bbox 299 1190 414 1246; x_wconf 85' lang='lat' dir='ltr'><strong>infertur</strong></span> <span class='ocrx_word' id='word_1_35' title='bbox 435 1191 534 1261; x_wconf 83' lang='lat' dir='ltr'><strong>Tyriae</strong></span> <span class='ocrx_word' id='word_1_36' title='bbox 553 1195 616 1258; x_wconf 88' lang='lat' dir='ltr'><strong>post</strong></span> <span class='ocrx_word' id='word_1_37' title='bbox 633 1189 748 1244; x_wconf 88' lang='lat' dir='ltr'><strong>uulnera</strong></span> <span class='ocrx_word' id='word_1_38' title='bbox 765 1189 863 1244; x_wconf 87' lang='lat' dir='ltr'><strong>uulnus</strong></span> <span class='ocrx_word' id='word_1_39' title='bbox 880 1189 1010 1246; x_wconf 81' lang='lat' dir='ltr'><strong>Elissaei</strong></span> 
     </span>
    </p>

    <p class='ocr_par' dir='ltr' id='par_1_3' title="bbox 224 1293 1071 1979">
     <span class='ocr_line' id='line_1_8' title="bbox 224 1293 953 1363; baseline 0 -15"><span class='ocrx_word' id='word_1_40' title='bbox 224 1302 226 1306; x_wconf 83' lang='grc'><strong>’</strong></span> <span class='ocrx_word' id='word_1_41' title='bbox 301 1294 400 1350; x_wconf 80' lang='lat' dir='ltr'><strong>sentiet</strong></span> <span class='ocrx_word' id='word_1_42' title='bbox 418 1295 564 1363; x_wconf 85' lang='lat' dir='ltr'><strong>applicitus</strong></span> <span class='ocrx_word' id='word_1_43' title='bbox 581 1294 692 1351; x_wconf 85' lang='lat' dir='ltr'><strong>turbata</strong></span> <span class='ocrx_word' id='word_1_44' title='bbox 712 1293 818 1363; x_wconf 84' lang='lat' dir='ltr'><strong>Sibylla</strong></span> <span class='ocrx_word' id='word_1_45' title='bbox 835 1307 953 1361; x_wconf 89' lang='lat' dir='ltr'><strong>uapores</strong></span> 
     </span>
     <span class='ocr_line' id='line_1_9' title="bbox 300 1394 989 1465; baseline -0.004 -12"><span class='ocrx_word' id='word_1_46' title='bbox 300 1401 327 1453; x_wconf 90' lang='lat' dir='ltr'><strong>et</strong></span> <span class='ocrx_word' id='word_1_47' title='bbox 343 1396 433 1454; x_wconf 85' lang='lat' dir='ltr'><strong>iurata</strong></span> <span class='ocrx_word' id='word_1_48' title='bbox 450 1396 528 1464; x_wconf 83' lang='lat' dir='ltr'><strong>mori,</strong></span> <span class='ocrx_word' id='word_1_49' title='bbox 546 1411 580 1452; x_wconf 87' lang='lat' dir='ltr'><strong>ne</strong></span> <span class='ocrx_word' id='word_1_50' title='bbox 599 1396 707 1465; x_wconf 81' lang='lat' dir='ltr'><strong>cingula</strong></span> <span class='ocrx_word' id='word_1_51' title='bbox 722 1394 828 1464; x_wconf 82' lang='lat' dir='ltr'><strong>reddat,</strong></span> <span class='ocrx_word' id='word_1_52' title='bbox 846 1395 989 1450; x_wconf 79' lang='lat' dir='ltr'><strong>Amazon?</strong></span> 
     </span>
     <span class='ocr_line' id='line_1_10' title="bbox 298 1499 1050 1568; baseline -0.004 -13"><span class='ocrx_word' id='word_1_53' title='bbox 298 1505 354 1555; x_wconf 81' lang='lat' dir='ltr'><strong>tam</strong></span> <span class='ocrx_word' id='word_1_54' title='bbox 372 1515 479 1555; x_wconf 90' lang='lat' dir='ltr'><strong>sacrum</strong></span> <span class='ocrx_word' id='word_1_55' title='bbox 496 1500 618 1556; x_wconf 89' lang='lat' dir='ltr'><strong>soluetur</strong></span> <span class='ocrx_word' id='word_1_56' title='bbox 636 1500 728 1568; x_wconf 87' lang='lat' dir='ltr'><strong>opus?</strong></span> <span class='ocrx_word' id='word_1_57' title='bbox 746 1505 788 1554; x_wconf 88' lang='lat' dir='ltr'><strong>tot</strong></span> <span class='ocrx_word' id='word_1_58' title='bbox 807 1499 889 1567; x_wconf 84' lang='lat' dir='ltr'><strong>bella,</strong></span> <span class='ocrx_word' id='word_1_59' title='bbox 909 1503 952 1555; x_wconf 82' lang='lat' dir='ltr'><strong>tot</strong></span> <span class='ocrx_word' id='word_1_60' title='bbox 970 1512 1050 1554; x_wconf 87' lang='lat' dir='ltr'><strong>enses</strong></span> 
     </span>
     <span class='ocr_line' id='line_1_11' title="bbox 299 1599 1071 1670; baseline -0.005 -12"><span class='ocrx_word' id='word_1_61' title='bbox 299 1604 328 1658; x_wconf 93' lang='lat' dir='ltr'><strong>in</strong></span> <span class='ocrx_word' id='word_1_62' title='bbox 347 1603 464 1658; x_wconf 86' lang='lat' dir='ltr'><strong>cinerem</strong></span> <span class='ocrx_word' id='word_1_63' title='bbox 483 1601 559 1657; x_wconf 85' lang='lat' dir='ltr'><strong>dabit</strong></span> <span class='ocrx_word' id='word_1_64' title='bbox 578 1604 647 1658; x_wconf 86' lang='lat' dir='ltr'><strong>bora</strong></span> <span class='ocrx_word' id='word_1_65' title='bbox 663 1615 765 1656; x_wconf 91' lang='lat' dir='ltr'><strong>nocens</strong></span> <span class='ocrx_word' id='word_1_66' title='bbox 785 1608 813 1657; x_wconf 91' lang='lat' dir='ltr'><strong>et</strong></span> <span class='ocrx_word' id='word_1_67' title='bbox 829 1599 952 1670; x_wconf 88' lang='lat' dir='ltr'><strong>perfidus</strong></span> <span class='ocrx_word' id='word_1_68' title='bbox 971 1601 1071 1657; x_wconf 83' lang='lat' dir='ltr'><strong>errori</strong></span> 
     </span>
     <span class='ocr_line' id='line_1_12' title="bbox 301 1704 1008 1773; baseline -0.001 -14"><span class='ocrx_word' id='word_1_69' title='bbox 301 1704 336 1773; x_wconf 87' lang='lat' dir='ltr'><strong>di,</strong></span> <span class='ocrx_word' id='word_1_70' title='bbox 354 1705 468 1760; x_wconf 78' lang='lat' dir='ltr'>meliora</span> <span class='ocrx_word' id='word_1_71' title='bbox 487 1705 550 1760; x_wconf 88' lang='lat' dir='ltr'><strong>date</strong></span> <span class='ocrx_word' id='word_1_72' title='bbox 568 1720 601 1759; x_wconf 90' lang='lat' dir='ltr'><strong>ac</strong></span> <span class='ocrx_word' id='word_1_73' title='bbox 618 1717 699 1759; x_wconf 86' lang='lat' dir='ltr'><strong>seusu</strong></span> <span class='ocrx_word' id='word_1_74' title='bbox 720 1709 849 1760; x_wconf 87' lang='lat' dir='ltr'><strong>reuocate</strong></span> <span class='ocrx_word' id='word_1_75' title='bbox 868 1709 1008 1772; x_wconf 89' lang='lat' dir='ltr'><strong>parentem</strong></span> 
     </span>
     <span class='ocr_line' id='line_1_13' title="bbox 301 1805 1001 1876; baseline -0.004 -12"><span class='ocrx_word' id='word_1_76' title='bbox 301 1807 379 1876; x_wconf 84' lang='lat' dir='ltr'><strong>(pace</strong></span> <span class='ocrx_word' id='word_1_77' title='bbox 398 1808 452 1862; x_wconf 93' lang='lat' dir='ltr'><strong>uiri</strong></span> <span class='ocrx_word' id='word_1_78' title='bbox 469 1807 553 1863; x_wconf 92' lang='lat' dir='ltr'><strong>liceat</strong></span> <span class='ocrx_word' id='word_1_79' title='bbox 570 1809 657 1876; x_wconf 78' lang='lat' dir='ltr'><strong>tanti),</strong></span> <span class='ocrx_word' id='word_1_80' title='bbox 675 1822 709 1862; x_wconf 91' lang='lat' dir='ltr'><strong>ue</strong></span> <span class='ocrx_word' id='word_1_81' title='bbox 734 1806 873 1860; x_wconf 82' lang='lat' dir='ltr'><strong>commoda</strong></span> <span class='ocrx_word' id='word_1_82' title='bbox 890 1805 1001 1875; x_wconf 80' lang='lat' dir='ltr'><strong>linguae</strong></span> 
     </span>
     <span class='ocr_line' id='line_1_14' title="bbox 299 1908 1003 1979; baseline -0.001 -13"><span class='ocrx_word' id='word_1_83' title='bbox 299 1910 391 1966; x_wconf 90' lang='lat' dir='ltr'><strong>diuitis</strong></span> <span class='ocrx_word' id='word_1_84' title='bbox 410 1910 554 1978; x_wconf 77' lang='lat' dir='ltr'><strong>intereant,</strong></span> <span class='ocrx_word' id='word_1_85' title='bbox 572 1925 621 1978; x_wconf 90' lang='lat' dir='ltr'><strong>per</strong></span> <span class='ocrx_word' id='word_1_86' title='bbox 640 1925 721 1979; x_wconf 84' lang='lat' dir='ltr'><strong>quam</strong></span> <span class='ocrx_word' id='word_1_87' title='bbox 738 1908 860 1964; x_wconf 86' lang='lat' dir='ltr'><strong>Romana</strong></span> <span class='ocrx_word' id='word_1_88' title='bbox 877 1910 1003 1965; x_wconf 86' lang='lat' dir='ltr'><strong>iuuentus</strong></span> 
     </span>
    </p>

    <p class='ocr_par' dir='ltr' id='par_1_4' title="bbox 211 1991 1063 2391">
     <span class='ocr_line' id='line_1_15' title="bbox 211 1991 947 2082; baseline -0.003 -14"><span class='ocrx_word' id='word_1_89' title='bbox 211 1991 214 1996; x_wconf 35' lang='lat'><em>¹</em></span> <span class='ocrx_word' id='word_1_90' title='bbox 239 1997 241 2003; x_wconf 43' lang='lat'>⁵</span> <span class='ocrx_word' id='word_1_91' title='bbox 301 2019 440 2068; x_wconf 88' lang='lat' dir='ltr'><strong>aeternum</strong></span> <span class='ocrx_word' id='word_1_92' title='bbox 457 2012 555 2068; x_wconf 89' lang='lat' dir='ltr'><strong>florere</strong></span> <span class='ocrx_word' id='word_1_93' title='bbox 573 2018 666 2082; x_wconf 88' lang='lat' dir='ltr'><strong>potest</strong></span> <span class='ocrx_word' id='word_1_94' title='bbox 684 2027 829 2080; x_wconf 76' lang='lat' dir='ltr'><strong>uerumque</strong></span> <span class='ocrx_word' id='word_1_95' title='bbox 848 2015 947 2066; x_wconf 82' lang='lat' dir='ltr'><strong>lauare.</strong></span> 
     </span>
     <span class='ocr_line' id='line_1_16' title="bbox 299 2114 1063 2185; baseline -0.003 -15"><span class='ocrx_word' id='word_1_96' title='bbox 299 2117 354 2171; x_wconf 89' lang='lat' dir='ltr'><strong>huc</strong></span> <span class='ocrx_word' id='word_1_97' title='bbox 372 2114 434 2185; x_wconf 91' lang='lat' dir='ltr'><strong>huc,</strong></span> <span class='ocrx_word' id='word_1_98' title='bbox 451 2114 583 2184; x_wconf 82' lang='lat' dir='ltr'><strong>Pierides,</strong></span> <span class='ocrx_word' id='word_1_99' title='bbox 602 2115 665 2171; x_wconf 88' lang='lat' dir='ltr'><strong>date</strong></span> <span class='ocrx_word' id='word_1_100' title='bbox 682 2114 795 2170; x_wconf 88' lang='lat' dir='ltr'><strong>flumina</strong></span> <span class='ocrx_word' id='word_1_101' title='bbox 812 2119 919 2185; x_wconf 64' lang='lat' dir='ltr'><strong>ennea,</strong></span> <span class='ocrx_word' id='word_1_102' title='bbox 937 2131 1063 2172; x_wconf 87' lang='lat' dir='ltr'><strong>sorores:</strong></span> 
     </span>
     <span class='ocr_line' id='line_1_17' title="bbox 299 2218 972 2288; baseline -0.001 -16"><span class='ocrx_word' id='word_1_103' title='bbox 299 2218 439 2288; x_wconf 87' lang='lat' dir='ltr'><strong>exspirent</strong></span> <span class='ocrx_word' id='word_1_104' title='bbox 456 2218 543 2286; x_wconf 88' lang='lat' dir='ltr'><strong>ignes,</strong></span> <span class='ocrx_word' id='word_1_105' title='bbox 562 2218 639 2272; x_wconf 86' lang='lat' dir='ltr'><strong>uiuat</strong></span> <span class='ocrx_word' id='word_1_106' title='bbox 655 2218 734 2273; x_wconf 88' lang='lat' dir='ltr'><strong>Maro</strong></span> <span class='ocrx_word' id='word_1_107' title='bbox 752 2218 839 2274; x_wconf 91' lang='lat' dir='ltr'><strong>lectus</strong></span> <span class='ocrx_word' id='word_1_108' title='bbox 857 2219 972 2288; x_wconf 88' lang='lat' dir='ltr'><strong>ubique!</strong></span> 
     </span>
     <span class='ocr_line' id='line_1_18' title="bbox 295 2319 971 2391; baseline 0.007 -17"><span class='ocrx_word' id='word_1_109' title='bbox 295 2321 472 2390; x_wconf 77' lang='lat' dir='ltr'><strong>ingratusque</strong></span> <span class='ocrx_word' id='word_1_110' title='bbox 491 2321 544 2375; x_wconf 91' lang='lat' dir='ltr'><strong>sibi</strong></span> <span class='ocrx_word' id='word_1_111' title='bbox 562 2319 767 2391; x_wconf 82' lang='lat' dir='ltr'><strong>studiorumque</strong></span> <span class='ocrx_word' id='word_1_112' title='bbox 785 2321 894 2379; x_wconf 87' lang='lat' dir='ltr'><strong>iuuidus</strong></span> <span class='ocrx_word' id='word_1_113' title='bbox 911 2325 971 2379; x_wconf 90' lang='lat' dir='ltr'><strong>orbi</strong></span> 
     </span>
    </p>
   </div>
   <div class='ocr_carea' id='block_1_3' title="bbox 166 2558 1395 4397">
    <p class='ocr_par' dir='ltr' id='par_1_5' title="bbox 166 2558 1395 4397">
     <span class='ocr_line' id='line_1_19' title="bbox 190 2558 1331 2630; baseline 0 -18"><span class='ocrx_word' id='word_1_114' title='bbox 190 2558 315 2614; x_wconf 86' lang='lat' dir='ltr'><strong>amittant</strong></span> <span class='ocrx_word' id='word_1_115' title='bbox 338 2561 433 2628; x_wconf 81' lang='lat' dir='ltr'><strong>culpo:</strong></span> <span class='ocrx_word' id='word_1_116' title='bbox 456 2560 562 2615; x_wconf 89' lang='lat' dir='ltr'><strong>amittat</strong></span> <span class='ocrx_word' id='word_1_117' title='bbox 580 2561 602 2612; x_wconf 91' lang='grc' dir='ltr'><strong><em>Β</em></strong></span> <span class='ocrx_word' id='word_1_118' title='bbox 622 2561 626 2630; x_wconf 97' lang='grc' dir='ltr'>Η</span> <span class='ocrx_word' id='word_1_119' title='bbox 650 2561 785 2628; x_wconf 87' lang='lat' dir='ltr'><strong>prementi</strong></span> <span class='ocrx_word' id='word_1_120' title='bbox 811 2563 921 2629; x_wconf 83' lang='lat' dir='ltr'><strong>scripsi:</strong></span> <span class='ocrx_word' id='word_1_121' title='bbox 947 2561 1094 2630; x_wconf 90' lang='lat' dir='ltr'><strong>superbum</strong></span> <span class='ocrx_word' id='word_1_122' title='bbox 1117 2561 1141 2613; x_wconf 98' lang='grc' dir='ltr'><strong><em>Β</em></strong></span> <span class='ocrx_word' id='word_1_123' title='bbox 1166 2565 1331 2626; x_wconf 86' lang='lat' dir='ltr'><strong>supremnmt</strong></span> 
     </span>
     <span class='ocr_line' id='line_1_20' title="bbox 190 2652 1395 2728; baseline 0.002 -24"><span class='ocrx_word' id='word_1_124' title='bbox 190 2653 320 2706; x_wconf 74' lang='lat' dir='ltr'><strong>Heinsius</strong></span> <span class='ocrx_word' id='word_1_125' title='bbox 339 2654 352 2722; x_wconf 93' lang='grc' dir='ltr'><strong>ΗΗ</strong></span> <span class='ocrx_word' id='word_1_126' title='bbox 373 2657 406 2707; x_wconf 84' lang='grc'><strong>24</strong></span> <span class='ocrx_word' id='word_1_127' title='bbox 433 2654 487 2708; x_wconf 89' lang='lat' dir='ltr'><strong>ium</strong></span> <span class='ocrx_word' id='word_1_128' title='bbox 517 2653 735 2722; x_wconf 79' lang='lat' dir='ltr'><strong>Ossdendcrpius:</strong></span> <span class='ocrx_word' id='word_1_129' title='bbox 758 2654 787 2707; x_wconf 90' lang='lat' dir='ltr'><strong>in</strong></span> <span class='ocrx_word' id='word_1_130' title='bbox 812 2653 836 2705; x_wconf 92' lang='grc' dir='ltr'><strong><em>Β</em></strong></span> <span class='ocrx_word' id='word_1_131' title='bbox 863 2652 877 2721; x_wconf 92' lang='grc' dir='ltr'>Η</span> <span class='ocrx_word' id='word_1_132' title='bbox 906 2655 941 2707; x_wconf 84' lang='lat'><strong>24</strong></span> <span class='ocrx_word' id='word_1_133' title='bbox 968 2658 995 2706; x_wconf 85' lang='lat' dir='ltr'><strong>rt</strong></span> <span class='ocrx_word' id='word_1_134' title='bbox 1012 2655 1046 2706; x_wconf 78' lang='lat'><strong>25</strong></span> <span class='ocrx_word' id='word_1_135' title='bbox 1074 2653 1248 2721; x_wconf 83' lang='lat' dir='ltr'><strong>cruciataque</strong></span> <span class='ocrx_word' id='word_1_136' title='bbox 1275 2667 1327 2720; x_wconf 90' lang='lat' dir='ltr'><strong>pec</strong></span> <span class='ocrx_word' id='word_1_137' title='bbox 1390 2723 1395 2728; x_wconf 29' lang='lat'>¹</span> 
     </span>
     <span class='ocr_line' id='line_1_21' title="bbox 192 2744 1325 2816; baseline -0.002 -16"><span class='ocrx_word' id='word_1_138' title='bbox 192 2745 222 2815; x_wconf 96' lang='grc' dir='ltr'>ΗΗΗΗ</span> <span class='ocrx_word' id='word_1_139' title='bbox 242 2761 259 2800; x_wconf 87' lang='lat' dir='ltr'><strong>a</strong></span> <span class='ocrx_word' id='word_1_140' title='bbox 278 2745 381 2801; x_wconf 87' lang='lat' dir='ltr'><strong>frustra</strong></span> <span class='ocrx_word' id='word_1_141' title='bbox 396 2748 429 2816; x_wconf 83' lang='lat' dir='ltr'><strong><em>P,</em></strong></span> <span class='ocrx_word' id='word_1_142' title='bbox 449 2749 519 2816; x_wconf 80' lang='lat' dir='ltr'><strong>quod</strong></span> <span class='ocrx_word' id='word_1_143' title='bbox 536 2748 662 2814; x_wconf 72' lang='lat' dir='ltr'><strong>supplesti</strong></span> <span class='ocrx_word' id='word_1_144' title='bbox 681 2751 707 2799; x_wconf 84' lang='lat' dir='ltr'><strong>st</strong></span> <span class='ocrx_word' id='word_1_145' title='bbox 725 2748 891 2814; x_wconf 77' lang='lat' dir='ltr'><strong>transposui.</strong></span> <span class='ocrx_word' id='word_1_146' title='bbox 911 2760 993 2813; x_wconf 84' lang='lat' dir='ltr'><strong>porro</strong></span> <span class='ocrx_word' id='word_1_147' title='bbox 1012 2746 1036 2797; x_wconf 87' lang='grc' dir='ltr'><strong><em>Ρ</em></strong></span> <span class='ocrx_word' id='word_1_148' title='bbox 1053 2747 1142 2799; x_wconf 82' lang='lat' dir='ltr'><strong>addit:</strong></span> <span class='ocrx_word' id='word_1_149' title='bbox 1161 2744 1191 2800; x_wconf 91' lang='lat' dir='ltr'><strong>id</strong></span> <span class='ocrx_word' id='word_1_150' title='bbox 1209 2745 1325 2799; x_wconf 90' lang='lat' dir='ltr'><strong>cinerem</strong></span> 
     </span>
     <span class='ocr_line' id='line_1_22' title="bbox 166 2825 1328 2909; baseline 0.001 -18"><span class='ocrx_word' id='word_1_151' title='bbox 166 2825 169 2828; x_wconf 33' lang='lat'><em>¹</em></span> <span class='ocrx_word' id='word_1_152' title='bbox 189 2836 261 2894; x_wconf 83' lang='lat' dir='ltr'><strong>ferni</strong></span> <span class='ocrx_word' id='word_1_153' title='bbox 279 2855 328 2894; x_wconf 88' lang='lat' dir='ltr'><strong>ora</strong></span> <span class='ocrx_word' id='word_1_154' title='bbox 346 2855 446 2895; x_wconf 88' lang='lat' dir='ltr'><strong>nocens</strong></span> <span class='ocrx_word' id='word_1_155' title='bbox 464 2843 535 2909; x_wconf 83' lang='lat' dir='ltr'><strong>paud</strong></span> <span class='ocrx_word' id='word_1_156' title='bbox 555 2845 645 2908; x_wconf 79' lang='lat' dir='ltr'><strong>alpais</strong></span> <span class='ocrx_word' id='word_1_157' title='bbox 664 2855 678 2893; x_wconf 83' lang='lat' dir='ltr'><strong>a</strong></span> <span class='ocrx_word' id='word_1_158' title='bbox 696 2857 722 2892; x_wconf 81' lang='lat' dir='ltr'><strong>rs.</strong></span> <span class='ocrx_word' id='word_1_159' title='bbox 736 2839 770 2892; x_wconf 81' lang='grc'><strong>34</strong></span> <span class='ocrx_word' id='word_1_160' title='bbox 789 2843 1027 2908; x_wconf 73' lang='lat' dir='ltr'><strong>praeassumptas:</strong></span> <span class='ocrx_word' id='word_1_161' title='bbox 1045 2840 1155 2892; x_wconf 76' lang='lat' dir='ltr'><strong>drisci:</strong></span> <span class='ocrx_word' id='word_1_162' title='bbox 1174 2839 1203 2891; x_wconf 83' lang='lat' dir='ltr'><strong>iss</strong></span> <span class='ocrx_word' id='word_1_163' title='bbox 1221 2839 1245 2891; x_wconf 94' lang='grc' dir='ltr'><strong><em>Β</em></strong></span> <span class='ocrx_word' id='word_1_164' title='bbox 1261 2841 1328 2892; x_wconf 82' lang='lat' dir='ltr'><strong>baec</strong></span> 
     </span>
     <span class='ocr_line' id='line_1_23' title="bbox 190 2931 1329 3002; baseline 0.003 -18"><span class='ocrx_word' id='word_1_165' title='bbox 190 2934 281 2985; x_wconf 80' lang='lat' dir='ltr'><strong>arania</strong></span> <span class='ocrx_word' id='word_1_166' title='bbox 299 2934 403 2985; x_wconf 77' lang='lat' dir='ltr'><strong>cesum.</strong></span> <span class='ocrx_word' id='word_1_167' title='bbox 441 2933 455 3002; x_wconf 95' lang='grc' dir='ltr'><strong>ΗΗ</strong></span> <span class='ocrx_word' id='word_1_168' title='bbox 476 2935 509 2986; x_wconf 84' lang='grc'><strong>25</strong></span> <span class='ocrx_word' id='word_1_169' title='bbox 528 2933 620 2988; x_wconf 88' lang='lat' dir='ltr'><strong>locuta</strong></span> <span class='ocrx_word' id='word_1_170' title='bbox 643 2939 685 2988; x_wconf 84' lang='lat' dir='ltr'><strong>est</strong></span> <span class='ocrx_word' id='word_1_171' title='bbox 702 2934 740 2986; x_wconf 84' lang='lat' dir='ltr'><strong>B:</strong></span> <span class='ocrx_word' id='word_1_172' title='bbox 768 2933 883 3001; x_wconf 87' lang='lat' dir='ltr'><strong>loquuta</strong></span> <span class='ocrx_word' id='word_1_173' title='bbox 901 2935 943 2987; x_wconf 87' lang='lat' dir='ltr'><strong>est</strong></span> <span class='ocrx_word' id='word_1_174' title='bbox 962 2932 986 2983; x_wconf 92' lang='lat' dir='ltr'><strong><em>P</em></strong></span> <span class='ocrx_word' id='word_1_175' title='bbox 1006 2931 1019 3000; x_wconf 94' lang='grc' dir='ltr'><strong>ΗΗ</strong></span> <span class='ocrx_word' id='word_1_176' title='bbox 1039 2933 1072 2985; x_wconf 88' lang='grc'><strong>26</strong></span> <span class='ocrx_word' id='word_1_177' title='bbox 1095 2931 1216 3001; x_wconf 83' lang='lat' dir='ltr'><strong>fugiente</strong></span> <span class='ocrx_word' id='word_1_178' title='bbox 1240 2931 1329 2987; x_wconf 82' lang='lat' dir='ltr'><strong>anima</strong></span> 
     </span>
     <span class='ocr_line' id='line_1_24' title="bbox 191 3024 1328 3102; baseline 0 -26"><span class='ocrx_word' id='word_1_179' title='bbox 191 3025 252 3076; x_wconf 81' lang='lat' dir='ltr'><strong>Pii</strong></span> <span class='ocrx_word' id='word_1_180' title='bbox 259 3044 265 3076; x_wconf 77' lang='lat' dir='ltr'><em>z</em></span> <span class='ocrx_word' id='word_1_181' title='bbox 283 3025 419 3080; x_wconf 84' lang='lat' dir='ltr'><strong>titubante</strong></span> <span class='ocrx_word' id='word_1_182' title='bbox 437 3026 525 3102; x_wconf 81' lang='lat' dir='ltr'><strong>animo</strong></span> <span class='ocrx_word' id='word_1_183' title='bbox 543 3026 586 3095; x_wconf 93' lang='grc' dir='ltr'><strong>ΒΗ</strong></span> <span class='ocrx_word' id='word_1_184' title='bbox 607 3033 635 3082; x_wconf 93' lang='lat' dir='ltr'><strong>et</strong></span> <span class='ocrx_word' id='word_1_185' title='bbox 652 3026 752 3081; x_wconf 90' lang='lat' dir='ltr'><strong>altisP</strong></span> <span class='ocrx_word' id='word_1_186' title='bbox 772 3027 784 3096; x_wconf 94' lang='grc' dir='ltr'><strong>ΗΗ</strong></span> <span class='ocrx_word' id='word_1_187' title='bbox 805 3029 838 3080; x_wconf 86' lang='grc'><strong>27</strong></span> <span class='ocrx_word' id='word_1_188' title='bbox 856 3024 956 3094; x_wconf 86' lang='lat' dir='ltr'><strong>iniquis</strong></span> <span class='ocrx_word' id='word_1_189' title='bbox 976 3025 999 3078; x_wconf 87' lang='lat' dir='ltr'><strong><em>P</em></strong></span> <span class='ocrx_word' id='word_1_190' title='bbox 1019 3025 1031 3095; x_wconf 95' lang='grc' dir='ltr'><strong>ΗΗ</strong></span> <span class='ocrx_word' id='word_1_191' title='bbox 1051 3027 1085 3078; x_wconf 84' lang='grc'><strong>28</strong></span> <span class='ocrx_word' id='word_1_192' title='bbox 1105 3030 1131 3078; x_wconf 86' lang='lat' dir='ltr'><strong>ct</strong></span> <span class='ocrx_word' id='word_1_193' title='bbox 1149 3025 1184 3078; x_wconf 88' lang='grc'><strong>29</strong></span> <span class='ocrx_word' id='word_1_194' title='bbox 1202 3027 1328 3078; x_wconf 78' lang='lat' dir='ltr'><strong>amittunt</strong></span> 
     </span>
     <span class='ocr_line' id='line_1_25' title="bbox 188 3117 1325 3189; baseline 0.001 -20"><span class='ocrx_word' id='word_1_195' title='bbox 188 3118 248 3170; x_wconf 82' lang='lat' dir='ltr'><strong><em>PU</em></strong></span> <span class='ocrx_word' id='word_1_196' title='bbox 264 3117 277 3188; x_wconf 95' lang='grc' dir='ltr'>Η</span> <span class='ocrx_word' id='word_1_197' title='bbox 297 3120 330 3172; x_wconf 90' lang='grc'><strong>29</strong></span> <span class='ocrx_word' id='word_1_198' title='bbox 349 3119 437 3174; x_wconf 87' lang='lat' dir='ltr'><strong>sidere</strong></span> <span class='ocrx_word' id='word_1_199' title='bbox 455 3121 484 3173; x_wconf 90' lang='lat' dir='ltr'><strong>iu</strong></span> <span class='ocrx_word' id='word_1_200' title='bbox 502 3119 580 3188; x_wconf 82' lang='lat' dir='ltr'><strong>ignes</strong></span> <span class='ocrx_word' id='word_1_201' title='bbox 598 3123 713 3189; x_wconf 87' lang='lat' dir='ltr'><strong>scripsi:</strong></span> <span class='ocrx_word' id='word_1_202' title='bbox 732 3119 847 3175; x_wconf 88' lang='lat' dir='ltr'><strong>reddere</strong></span> <span class='ocrx_word' id='word_1_203' title='bbox 860 3133 943 3174; x_wconf 86' lang='lat' dir='ltr'><strong>uoces</strong></span> <span class='ocrx_word' id='word_1_204' title='bbox 962 3119 984 3170; x_wconf 91' lang='grc' dir='ltr'><strong><em>Β</em></strong></span> <span class='ocrx_word' id='word_1_205' title='bbox 1002 3118 1116 3173; x_wconf 88' lang='lat' dir='ltr'><strong>reddere</strong></span> <span class='ocrx_word' id='word_1_206' title='bbox 1129 3134 1232 3187; x_wconf 85' lang='lat' dir='ltr'><strong>poenas</strong></span> <span class='ocrx_word' id='word_1_207' title='bbox 1250 3117 1325 3186; x_wconf 81' lang='lat' dir='ltr'><strong>Hep-</strong></span> 
     </span>
     <span class='ocr_line' id='line_1_26' title="bbox 189 3210 1325 3280; baseline 0 -18"><span class='ocrx_word' id='word_1_208' title='bbox 189 3213 250 3263; x_wconf 83' lang='lat' dir='ltr'><strong>uics</strong></span> <span class='ocrx_word' id='word_1_209' title='bbox 271 3212 284 3280; x_wconf 97' lang='grc' dir='ltr'>Η</span> <span class='ocrx_word' id='word_1_210' title='bbox 304 3214 339 3265; x_wconf 86' lang='grc'><strong>30</strong></span> <span class='ocrx_word' id='word_1_211' title='bbox 356 3211 471 3267; x_wconf 87' lang='lat' dir='ltr'><strong>infertur</strong></span> <span class='ocrx_word' id='word_1_212' title='bbox 494 3213 520 3264; x_wconf 85' lang='lat' dir='ltr'><em>U</em></span> <span class='ocrx_word' id='word_1_213' title='bbox 526 3232 532 3265; x_wconf 88' lang='lat'><strong>:</strong></span> <span class='ocrx_word' id='word_1_214' title='bbox 560 3213 668 3267; x_wconf 88' lang='lat' dir='ltr'><strong>ardebit</strong></span> <span class='ocrx_word' id='word_1_215' title='bbox 685 3215 709 3265; x_wconf 89' lang='grc' dir='ltr'><strong><em>Β</em></strong></span> <span class='ocrx_word' id='word_1_216' title='bbox 726 3214 817 3267; x_wconf 89' lang='lat' dir='ltr'><strong>unitur</strong></span> <span class='ocrx_word' id='word_1_217' title='bbox 834 3214 866 3280; x_wconf 88' lang='lat' dir='ltr'><strong>P,</strong></span> <span class='ocrx_word' id='word_1_218' title='bbox 884 3215 955 3264; x_wconf 71' lang='lat' dir='ltr'><strong>rende</strong></span> <span class='ocrx_word' id='word_1_219' title='bbox 972 3211 1103 3266; x_wconf 82' lang='lat' dir='ltr'><strong>incutitur</strong></span> <span class='ocrx_word' id='word_1_220' title='bbox 1121 3213 1240 3265; x_wconf 81' lang='lat' dir='ltr'><strong>conicias</strong></span> <span class='ocrx_word' id='word_1_221' title='bbox 1261 3210 1265 3279; x_wconf 94' lang='grc' dir='ltr'>Η</span> <span class='ocrx_word' id='word_1_222' title='bbox 1284 3217 1325 3280; x_wconf 65' lang='grc' dir='ltr'><strong>ιγ,</strong></span> 
     </span>
     <span class='ocr_line' id='line_1_27' title="bbox 187 3303 1329 3376; baseline 0 -20"><span class='ocrx_word' id='word_1_223' title='bbox 187 3303 244 3357; x_wconf 88' lang='lat' dir='ltr'><strong>riae</strong></span> <span class='ocrx_word' id='word_1_224' title='bbox 264 3304 286 3355; x_wconf 91' lang='lat' dir='ltr'><strong><em>P</em></strong></span> <span class='ocrx_word' id='word_1_225' title='bbox 304 3303 385 3359; x_wconf 91' lang='lat' dir='ltr'><strong>tiriae</strong></span> <span class='ocrx_word' id='word_1_226' title='bbox 406 3306 444 3358; x_wconf 81' lang='lat' dir='ltr'><strong>ll:</strong></span> <span class='ocrx_word' id='word_1_227' title='bbox 462 3306 576 3360; x_wconf 85' lang='lat' dir='ltr'><strong>miserae</strong></span> <span class='ocrx_word' id='word_1_228' title='bbox 595 3309 619 3358; x_wconf 98' lang='grc' dir='ltr'><strong><em>Β</em></strong></span> <span class='ocrx_word' id='word_1_229' title='bbox 639 3305 783 3374; x_wconf 78' lang='grc' dir='ltr'><strong>Η.ΙιεΙίεεεε</strong></span> <span class='ocrx_word' id='word_1_230' title='bbox 805 3305 830 3357; x_wconf 85' lang='lat' dir='ltr'><strong>ll</strong></span> <span class='ocrx_word' id='word_1_231' title='bbox 845 3304 944 3359; x_wconf 87' lang='lat' dir='ltr'><strong>alissac</strong></span> <span class='ocrx_word' id='word_1_232' title='bbox 962 3305 985 3356; x_wconf 93' lang='grc' dir='ltr'><strong><em>Β</em></strong></span> <span class='ocrx_word' id='word_1_233' title='bbox 1005 3303 1018 3372; x_wconf 82' lang='grc' dir='ltr'>Η</span> <span class='ocrx_word' id='word_1_234' title='bbox 1038 3306 1070 3356; x_wconf 88' lang='grc'><strong>31</strong></span> <span class='ocrx_word' id='word_1_235' title='bbox 1098 3309 1124 3358; x_wconf 84' lang='lat' dir='ltr'><strong>ct</strong></span> <span class='ocrx_word' id='word_1_236' title='bbox 1138 3306 1174 3357; x_wconf 91' lang='grc'><strong>32</strong></span> <span class='ocrx_word' id='word_1_237' title='bbox 1191 3305 1288 3376; x_wconf 77' lang='lat' dir='ltr'><strong>amitiit</strong></span> <span class='ocrx_word' id='word_1_238' title='bbox 1305 3304 1329 3356; x_wconf 92' lang='grc' dir='ltr'><strong><em>Β</em></strong></span> 
     </span>
     <span class='ocr_line' id='line_1_28' title="bbox 188 3395 1325 3467; baseline -0.001 -17"><span class='ocrx_word' id='word_1_239' title='bbox 188 3395 203 3465; x_wconf 92' lang='grc' dir='ltr'>Η</span> <span class='ocrx_word' id='word_1_240' title='bbox 222 3399 254 3450; x_wconf 88' lang='grc'><strong>31</strong></span> <span class='ocrx_word' id='word_1_241' title='bbox 280 3397 433 3466; x_wconf 88' lang='lat' dir='ltr'><strong>applicatur</strong></span> <span class='ocrx_word' id='word_1_242' title='bbox 450 3397 475 3449; x_wconf 87' lang='lat' dir='ltr'><strong><em>P</em></strong></span> <span class='ocrx_word' id='word_1_243' title='bbox 496 3398 500 3466; x_wconf 98' lang='grc' dir='ltr'>Η</span> <span class='ocrx_word' id='word_1_244' title='bbox 520 3398 610 3453; x_wconf 82' lang='lat' dir='ltr'><strong>sibilla</strong></span> <span class='ocrx_word' id='word_1_245' title='bbox 633 3401 655 3452; x_wconf 83' lang='grc' dir='ltr'><strong><em>Β</em></strong></span> <span class='ocrx_word' id='word_1_246' title='bbox 676 3405 678 3465; x_wconf 67' lang='grc' dir='ltr'>Η</span> <span class='ocrx_word' id='word_1_247' title='bbox 704 3412 820 3467; x_wconf 87' lang='lat' dir='ltr'><strong>uapores</strong></span> <span class='ocrx_word' id='word_1_248' title='bbox 842 3399 877 3451; x_wconf 87' lang='lat' dir='ltr'><strong>U:</strong></span> <span class='ocrx_word' id='word_1_249' title='bbox 908 3397 930 3466; x_wconf 94' lang='grc' dir='ltr'><strong>ΗΗΗ</strong></span> <span class='ocrx_word' id='word_1_250' title='bbox 950 3413 1015 3464; x_wconf 90' lang='lat' dir='ltr'><strong>pore</strong></span> <span class='ocrx_word' id='word_1_251' title='bbox 1033 3399 1057 3450; x_wconf 92' lang='lat' dir='ltr'><strong><em>P</em></strong></span> <span class='ocrx_word' id='word_1_252' title='bbox 1082 3395 1094 3465; x_wconf 92' lang='grc' dir='ltr'>Η</span> <span class='ocrx_word' id='word_1_253' title='bbox 1116 3399 1150 3450; x_wconf 88' lang='grc'><strong>32</strong></span> <span class='ocrx_word' id='word_1_254' title='bbox 1168 3412 1202 3451; x_wconf 90' lang='lat' dir='ltr'><strong>ne</strong></span> <span class='ocrx_word' id='word_1_255' title='bbox 1220 3400 1325 3464; x_wconf 78' lang='lat' dir='ltr'><strong>scripsi:</strong></span> 
     </span>
     <span class='ocr_line' id='line_1_29' title="bbox 186 3491 1326 3561; baseline 0 -17"><span class='ocrx_word' id='word_1_256' title='bbox 186 3505 237 3545; x_wconf 88' lang='lat' dir='ltr'><strong>nec</strong></span> <span class='ocrx_word' id='word_1_257' title='bbox 268 3492 328 3545; x_wconf 83' lang='grc' dir='ltr'><strong><em>ΡΒ</em></strong></span> <span class='ocrx_word' id='word_1_258' title='bbox 348 3491 350 3557; x_wconf 96' lang='grc' dir='ltr'>Η</span> <span class='ocrx_word' id='word_1_259' title='bbox 372 3491 479 3560; x_wconf 83' lang='lat' dir='ltr'><strong>singula</strong></span> <span class='ocrx_word' id='word_1_260' title='bbox 511 3493 536 3544; x_wconf 86' lang='lat' dir='ltr'><em>U</em></span> <span class='ocrx_word' id='word_1_261' title='bbox 561 3491 565 3560; x_wconf 95' lang='grc' dir='ltr'>Η</span> <span class='ocrx_word' id='word_1_262' title='bbox 591 3493 688 3548; x_wconf 88' lang='lat' dir='ltr'><strong>reddet</strong></span> <span class='ocrx_word' id='word_1_263' title='bbox 715 3493 797 3560; x_wconf 81' lang='lat' dir='ltr'><strong>culpo</strong></span> <span class='ocrx_word' id='word_1_264' title='bbox 836 3492 840 3561; x_wconf 95' lang='grc' dir='ltr'>Η</span> <span class='ocrx_word' id='word_1_265' title='bbox 874 3506 972 3546; x_wconf 82' lang='lat' dir='ltr'><strong>maron</strong></span> <span class='ocrx_word' id='word_1_266' title='bbox 1002 3492 1039 3558; x_wconf 86' lang='lat' dir='ltr'><strong>ll,</strong></span> <span class='ocrx_word' id='word_1_267' title='bbox 1070 3507 1138 3544; x_wconf 86' lang='lat' dir='ltr'><strong>corr.</strong></span> <span class='ocrx_word' id='word_1_268' title='bbox 1164 3507 1249 3544; x_wconf 79' lang='lat' dir='ltr'><strong>murra</strong></span> <span class='ocrx_word' id='word_1_269' title='bbox 1274 3507 1326 3544; x_wconf 85' lang='lat' dir='ltr'><strong>sec.</strong></span> 
     </span>
     <span class='ocr_line' id='line_1_30' title="bbox 170 3585 1325 3656; baseline 0 -20"><span class='ocrx_word' id='word_1_270' title='bbox 170 3585 199 3649; x_wconf 59' lang='grc' dir='ltr'><strong>,ΗΗ</strong></span> <span class='ocrx_word' id='word_1_271' title='bbox 230 3586 262 3638; x_wconf 89' lang='lat'><strong>33</strong></span> <span class='ocrx_word' id='word_1_272' title='bbox 291 3589 316 3636; x_wconf 83' lang='lat' dir='ltr'><strong>ei</strong></span> <span class='ocrx_word' id='word_1_273' title='bbox 350 3587 384 3640; x_wconf 83' lang='grc'><strong>34</strong></span> <span class='ocrx_word' id='word_1_274' title='bbox 415 3589 541 3638; x_wconf 80' lang='lat' dir='ltr'><strong>amittunt</strong></span> <span class='ocrx_word' id='word_1_275' title='bbox 568 3587 630 3637; x_wconf 84' lang='lat' dir='ltr'><strong><em>PU</em></strong></span> <span class='ocrx_word' id='word_1_276' title='bbox 658 3586 669 3656; x_wconf 87' lang='grc' dir='ltr'>Η</span> <span class='ocrx_word' id='word_1_277' title='bbox 698 3588 732 3638; x_wconf 89' lang='grc'><strong>34</strong></span> <span class='ocrx_word' id='word_1_278' title='bbox 758 3585 786 3638; x_wconf 93' lang='lat' dir='ltr'><strong>in</strong></span> <span class='ocrx_word' id='word_1_279' title='bbox 816 3585 932 3641; x_wconf 89' lang='lat' dir='ltr'><strong>cinerem</strong></span> <span class='ocrx_word' id='word_1_280' title='bbox 960 3587 1020 3638; x_wconf 82' lang='lat' dir='ltr'><strong>dccli</strong></span> <span class='ocrx_word' id='word_1_281' title='bbox 1046 3601 1077 3637; x_wconf 82' lang='lat' dir='ltr'><strong>ca</strong></span> <span class='ocrx_word' id='word_1_282' title='bbox 1109 3585 1129 3636; x_wconf 85' lang='lat' dir='ltr'><strong><em>P</em></strong></span> <span class='ocrx_word' id='word_1_283' title='bbox 1157 3585 1205 3653; x_wconf 81' lang='grc' dir='ltr'><strong>(εΗ.</strong></span> <span class='ocrx_word' id='word_1_284' title='bbox 1237 3586 1272 3638; x_wconf 85' lang='lat' dir='ltr'><strong>nd</strong></span> <span class='ocrx_word' id='word_1_285' title='bbox 1297 3603 1325 3637; x_wconf 84' lang='lat' dir='ltr'><strong>a.</strong></span> 
     </span>
     <span class='ocr_line' id='line_1_31' title="bbox 185 3675 1327 3748; baseline 0.004 -20"><span class='ocrx_word' id='word_1_286' title='bbox 185 3675 254 3746; x_wconf 81' lang='lat'><strong>25):</strong></span> <span class='ocrx_word' id='word_1_287' title='bbox 279 3677 308 3728; x_wconf 92' lang='lat' dir='ltr'><strong>in</strong></span> <span class='ocrx_word' id='word_1_288' title='bbox 337 3677 440 3732; x_wconf 89' lang='lat' dir='ltr'><strong>cineres</strong></span> <span class='ocrx_word' id='word_1_289' title='bbox 466 3678 512 3745; x_wconf 95' lang='grc' dir='ltr'><strong>ΒΗ</strong></span> <span class='ocrx_word' id='word_1_290' title='bbox 536 3679 605 3734; x_wconf 89' lang='lat' dir='ltr'><strong>bora</strong></span> <span class='ocrx_word' id='word_1_291' title='bbox 628 3681 725 3748; x_wconf 72' lang='lat' dir='ltr'><strong>suscipe:</strong></span> <span class='ocrx_word' id='word_1_292' title='bbox 753 3695 803 3733; x_wconf 91' lang='lat' dir='ltr'><strong>nra</strong></span> <span class='ocrx_word' id='word_1_293' title='bbox 827 3681 881 3732; x_wconf 83' lang='lat' dir='ltr'><strong><em>BP</em></strong></span> <span class='ocrx_word' id='word_1_294' title='bbox 904 3697 940 3731; x_wconf 81' lang='lat' dir='ltr'><strong>aa</strong></span> <span class='ocrx_word' id='word_1_295' title='bbox 970 3679 1030 3733; x_wconf 83' lang='lat' dir='ltr'><strong>irai</strong></span> <span class='ocrx_word' id='word_1_296' title='bbox 1053 3679 1066 3746; x_wconf 94' lang='grc' dir='ltr'><strong>ΗΗ</strong></span> <span class='ocrx_word' id='word_1_297' title='bbox 1093 3678 1196 3733; x_wconf 83' lang='grc'><strong>35-39</strong></span> <span class='ocrx_word' id='word_1_298' title='bbox 1227 3679 1327 3732; x_wconf 85' lang='lat' dir='ltr'><strong>amittit</strong></span> 
     </span>
     <span class='ocr_line' id='line_1_32' title="bbox 185 3767 1329 3842; baseline 0.004 -23"><span class='ocrx_word' id='word_1_299' title='bbox 185 3768 208 3818; x_wconf 91' lang='grc' dir='ltr'><strong><em>Β</em></strong></span> <span class='ocrx_word' id='word_1_300' title='bbox 227 3767 239 3835; x_wconf 88' lang='grc' dir='ltr'><strong>ΗΗ</strong></span> <span class='ocrx_word' id='word_1_301' title='bbox 263 3769 296 3822; x_wconf 81' lang='grc'><strong>35</strong></span> <span class='ocrx_word' id='word_1_302' title='bbox 315 3767 352 3822; x_wconf 93' lang='lat' dir='ltr'><strong>dii</strong></span> <span class='ocrx_word' id='word_1_303' title='bbox 375 3770 401 3822; x_wconf 83' lang='grc' dir='ltr'><strong><em>Β</em></strong></span> <span class='ocrx_word' id='word_1_304' title='bbox 405 3789 411 3822; x_wconf 93' lang='lat'><strong>:</strong></span> <span class='ocrx_word' id='word_1_305' title='bbox 430 3786 481 3824; x_wconf 87' lang='lat' dir='ltr'><strong>cm.</strong></span> <span class='ocrx_word' id='word_1_306' title='bbox 501 3773 525 3824; x_wconf 92' lang='lat' dir='ltr'><strong><em>P</em></strong></span> <span class='ocrx_word' id='word_1_307' title='bbox 544 3773 548 3838; x_wconf 95' lang='grc' dir='ltr'>Η</span> <span class='ocrx_word' id='word_1_308' title='bbox 569 3788 650 3827; x_wconf 91' lang='lat' dir='ltr'><strong>sensu</strong></span> <span class='ocrx_word' id='word_1_309' title='bbox 667 3803 701 3814; x_wconf 90' lang='lat'>—</span> <span class='ocrx_word' id='word_1_310' title='bbox 719 3780 859 3842; x_wconf 89' lang='lat' dir='ltr'><strong>parentem</strong></span> <span class='ocrx_word' id='word_1_311' title='bbox 880 3775 918 3826; x_wconf 91' lang='lat' dir='ltr'><strong>P:</strong></span> <span class='ocrx_word' id='word_1_312' title='bbox 945 3787 1053 3827; x_wconf 88' lang='lat' dir='ltr'><strong>sensum</strong></span> <span class='ocrx_word' id='word_1_313' title='bbox 1081 3801 1114 3810; x_wconf 91' lang='lat'>-</span> <span class='ocrx_word' id='word_1_314' title='bbox 1140 3775 1282 3826; x_wconf 87' lang='lat' dir='ltr'><strong>nocentem</strong></span> <span class='ocrx_word' id='word_1_315' title='bbox 1303 3771 1329 3824; x_wconf 86' lang='lat' dir='ltr'><em>U</em></span> 
     </span>
     <span class='ocr_line' id='line_1_33' title="bbox 187 3862 1325 3932; baseline -0.001 -13"><span class='ocrx_word' id='word_1_316' title='bbox 187 3863 198 3928; x_wconf 89' lang='grc' dir='ltr'>Η</span> <span class='ocrx_word' id='word_1_317' title='bbox 219 3862 253 3914; x_wconf 89' lang='grc'><strong>36</strong></span> <span class='ocrx_word' id='word_1_318' title='bbox 276 3876 311 3915; x_wconf 91' lang='lat' dir='ltr'><strong>ne</strong></span> <span class='ocrx_word' id='word_1_319' title='bbox 336 3866 450 3931; x_wconf 81' lang='lat' dir='ltr'><strong>scripsi:</strong></span> <span class='ocrx_word' id='word_1_320' title='bbox 495 3879 545 3918; x_wconf 91' lang='lat' dir='ltr'><strong>nec</strong></span> <span class='ocrx_word' id='word_1_321' title='bbox 572 3865 633 3919; x_wconf 82' lang='lat' dir='ltr'><strong>Pl]</strong></span> <span class='ocrx_word' id='word_1_322' title='bbox 652 3866 663 3932; x_wconf 71' lang='grc' dir='ltr'>Η,</span> <span class='ocrx_word' id='word_1_323' title='bbox 691 3867 724 3918; x_wconf 86' lang='grc'><strong>37</strong></span> <span class='ocrx_word' id='word_1_324' title='bbox 751 3866 849 3921; x_wconf 89' lang='lat' dir='ltr'><strong>diuites</strong></span> <span class='ocrx_word' id='word_1_325' title='bbox 875 3870 900 3918; x_wconf 86' lang='lat' dir='ltr'><strong>si</strong></span> <span class='ocrx_word' id='word_1_326' title='bbox 923 3866 1036 3920; x_wconf 87' lang='lat' dir='ltr'><strong>iuuenta</strong></span> <span class='ocrx_word' id='word_1_327' title='bbox 1060 3867 1083 3917; x_wconf 90' lang='lat' dir='ltr'><strong><em>P</em></strong></span> <span class='ocrx_word' id='word_1_328' title='bbox 1104 3867 1114 3932; x_wconf 87' lang='grc' dir='ltr'><strong>ΗΗ</strong></span> <span class='ocrx_word' id='word_1_329' title='bbox 1136 3864 1169 3918; x_wconf 88' lang='grc'><strong>38</strong></span> <span class='ocrx_word' id='word_1_330' title='bbox 1187 3872 1325 3918; x_wconf 89' lang='lat' dir='ltr'><strong>aeternam</strong></span> 
     </span>
     <span class='ocr_line' id='line_1_34' title="bbox 184 3953 1327 4027; baseline 0.004 -21"><span class='ocrx_word' id='word_1_331' title='bbox 184 3955 206 4006; x_wconf 87' lang='lat' dir='ltr'><strong><em>P</em></strong></span> <span class='ocrx_word' id='word_1_332' title='bbox 227 3957 231 4021; x_wconf 96' lang='grc' dir='ltr'>Η</span> <span class='ocrx_word' id='word_1_333' title='bbox 250 3953 339 4010; x_wconf 83' lang='lat' dir='ltr'><strong>furere</strong></span> <span class='ocrx_word' id='word_1_334' title='bbox 363 3956 389 4008; x_wconf 88' lang='lat' dir='ltr'><em>U</em></span> <span class='ocrx_word' id='word_1_335' title='bbox 405 3955 409 4018; x_wconf 94' lang='grc' dir='ltr'>Η</span> <span class='ocrx_word' id='word_1_336' title='bbox 429 3973 578 4026; x_wconf 85' lang='lat' dir='ltr'><strong>uerumque</strong></span> <span class='ocrx_word' id='word_1_337' title='bbox 596 3964 688 4014; x_wconf 84' lang='lat' dir='ltr'><strong>tenere</strong></span> <span class='ocrx_word' id='word_1_338' title='bbox 707 3961 819 4027; x_wconf 80' lang='lat' dir='ltr'><strong>scripsi:</strong></span> <span class='ocrx_word' id='word_1_339' title='bbox 846 3972 940 4012; x_wconf 91' lang='lat' dir='ltr'><strong>uerum</strong></span> <span class='ocrx_word' id='word_1_340' title='bbox 966 3958 1037 4026; x_wconf 90' lang='lat' dir='ltr'><strong>quod</strong></span> <span class='ocrx_word' id='word_1_341' title='bbox 1061 3958 1178 4013; x_wconf 87' lang='lat' dir='ltr'><strong>iusserat</strong></span> <span class='ocrx_word' id='word_1_342' title='bbox 1196 3957 1241 4012; x_wconf 90' lang='lat' dir='ltr'><strong>ille</strong></span> <span class='ocrx_word' id='word_1_343' title='bbox 1259 3958 1327 4023; x_wconf 85' lang='lat' dir='ltr'><strong><em>PU,</em></strong></span> 
     </span>
     <span class='ocr_line' id='line_1_35' title="bbox 184 4048 1326 4119; baseline 0.007 -21"><span class='ocrx_word' id='word_1_344' title='bbox 184 4048 231 4115; x_wconf 82' lang='lat' dir='ltr'><strong>qui</strong></span> <span class='ocrx_word' id='word_1_345' title='bbox 256 4065 302 4100; x_wconf 82' lang='lat' dir='ltr'><strong>urs.</strong></span> <span class='ocrx_word' id='word_1_346' title='bbox 322 4051 424 4104; x_wconf 81' lang='lat'>89-42</span> <span class='ocrx_word' id='word_1_347' title='bbox 450 4065 550 4104; x_wconf 88' lang='lat' dir='ltr'><strong>nocens</strong></span> <span class='ocrx_word' id='word_1_348' title='bbox 574 4054 700 4104; x_wconf 81' lang='lat' dir='ltr'><strong>omittunt</strong></span> <span class='ocrx_word' id='word_1_349' title='bbox 726 4052 738 4118; x_wconf 90' lang='grc' dir='ltr'><strong>ΗΗ</strong></span> <span class='ocrx_word' id='word_1_350' title='bbox 766 4054 801 4105; x_wconf 87' lang='grc'><strong>40</strong></span> <span class='ocrx_word' id='word_1_351' title='bbox 826 4051 967 4119; x_wconf 84' lang='lat' dir='ltr'><strong>exspirent</strong></span> <span class='ocrx_word' id='word_1_352' title='bbox 995 4053 1050 4107; x_wconf 86' lang='lat' dir='ltr'><strong>cad.</strong></span> <span class='ocrx_word' id='word_1_353' title='bbox 1069 4051 1278 4104; x_wconf 81' lang='lat' dir='ltr'><strong>Doraillinaus:</strong></span> <span class='ocrx_word' id='word_1_354' title='bbox 1298 4057 1326 4106; x_wconf 85' lang='lat' dir='ltr'><strong>et</strong></span> 
     </span>
     <span class='ocr_line' id='line_1_36' title="bbox 183 4129 1327 4212; baseline 0.005 -20"><span class='ocrx_word' id='word_1_355' title='bbox 183 4139 288 4207; x_wconf 87' lang='lat' dir='ltr'><strong>spirent</strong></span> <span class='ocrx_word' id='word_1_356' title='bbox 306 4143 328 4194; x_wconf 92' lang='grc' dir='ltr'><strong><em>Β</em></strong></span> <span class='ocrx_word' id='word_1_357' title='bbox 348 4129 355 4210; x_wconf 86' lang='grc' dir='ltr'>Η</span> <span class='ocrx_word' id='word_1_358' title='bbox 372 4142 460 4198; x_wconf 90' lang='lat' dir='ltr'><strong>lectus</strong></span> <span class='ocrx_word' id='word_1_359' title='bbox 478 4146 589 4212; x_wconf 84' lang='lat' dir='ltr'><strong>scripsi:</strong></span> <span class='ocrx_word' id='word_1_360' title='bbox 617 4142 713 4197; x_wconf 89' lang='lat' dir='ltr'><strong>ductus</strong></span> <span class='ocrx_word' id='word_1_361' title='bbox 732 4143 755 4194; x_wconf 90' lang='grc' dir='ltr'><strong><em>Β</em></strong></span> <span class='ocrx_word' id='word_1_362' title='bbox 774 4145 785 4212; x_wconf 89' lang='grc' dir='ltr'><strong>ΗΗ</strong></span> <span class='ocrx_word' id='word_1_363' title='bbox 806 4146 838 4196; x_wconf 86' lang='grc'><strong>41</strong></span> <span class='ocrx_word' id='word_1_364' title='bbox 856 4142 908 4197; x_wconf 88' lang='lat' dir='ltr'><strong>sibi</strong></span> <span class='ocrx_word' id='word_1_365' title='bbox 921 4145 1034 4211; x_wconf 81' lang='lat' dir='ltr'><strong>scripsi:</strong></span> <span class='ocrx_word' id='word_1_366' title='bbox 1053 4143 1093 4196; x_wconf 91' lang='lat' dir='ltr'><strong>sui</strong></span> <span class='ocrx_word' id='word_1_367' title='bbox 1109 4143 1132 4195; x_wconf 94' lang='grc' dir='ltr'><strong><em>Β</em></strong></span> <span class='ocrx_word' id='word_1_368' title='bbox 1152 4147 1163 4211; x_wconf 93' lang='grc' dir='ltr'><strong>ΗΗ</strong></span> <span class='ocrx_word' id='word_1_369' title='bbox 1184 4144 1217 4197; x_wconf 84' lang='grc'><strong>43</strong></span> <span class='ocrx_word' id='word_1_370' title='bbox 1239 4143 1275 4198; x_wconf 90' lang='lat' dir='ltr'><strong>sit</strong></span> <span class='ocrx_word' id='word_1_371' title='bbox 1288 4144 1327 4198; x_wconf 85' lang='lat' dir='ltr'><strong>U:</strong></span> 
     </span>
     <span class='ocr_line' id='line_1_37' title="bbox 183 4233 1325 4306; baseline 0.005 -20"><span class='ocrx_word' id='word_1_372' title='bbox 183 4233 207 4286; x_wconf 78' lang='lat' dir='ltr'><strong>si</strong></span> <span class='ocrx_word' id='word_1_373' title='bbox 220 4233 274 4286; x_wconf 85' lang='lat' dir='ltr'><strong><em>BP</em></strong></span> <span class='ocrx_word' id='word_1_374' title='bbox 286 4233 289 4302; x_wconf 95' lang='grc' dir='ltr'>Η</span> <span class='ocrx_word' id='word_1_375' title='bbox 301 4234 420 4289; x_wconf 86' lang='lat' dir='ltr'><strong>uetuisse</strong></span> <span class='ocrx_word' id='word_1_376' title='bbox 435 4249 524 4306; x_wconf 90' lang='lat' dir='ltr'><strong>meum</strong></span> <span class='ocrx_word' id='word_1_377' title='bbox 533 4236 557 4288; x_wconf 92' lang='grc' dir='ltr'><strong><em>Β</em></strong></span> <span class='ocrx_word' id='word_1_378' title='bbox 567 4235 592 4288; x_wconf 85' lang='lat' dir='ltr'><em>U</em></span> <span class='ocrx_word' id='word_1_379' title='bbox 597 4255 602 4288; x_wconf 95' lang='lat'><strong>:</strong></span> <span class='ocrx_word' id='word_1_380' title='bbox 622 4235 769 4290; x_wconf 89' lang='lat' dir='ltr'><strong>uetuissem</strong></span> <span class='ocrx_word' id='word_1_381' title='bbox 783 4237 838 4291; x_wconf 89' lang='lat' dir='ltr'><strong>ista</strong></span> <span class='ocrx_word' id='word_1_382' title='bbox 854 4237 878 4289; x_wconf 89' lang='lat' dir='ltr'><strong><em>P</em></strong></span> <span class='ocrx_word' id='word_1_383' title='bbox 898 4235 901 4304; x_wconf 97' lang='grc' dir='ltr'>Η</span> <span class='ocrx_word' id='word_1_384' title='bbox 921 4251 998 4292; x_wconf 83' lang='lat' dir='ltr'><strong>sacer</strong></span> <span class='ocrx_word' id='word_1_385' title='bbox 1009 4242 1051 4291; x_wconf 86' lang='lat' dir='ltr'><strong>est</strong></span> <span class='ocrx_word' id='word_1_386' title='bbox 1064 4240 1130 4304; x_wconf 86' lang='lat' dir='ltr'><strong>post</strong></span> <span class='ocrx_word' id='word_1_387' title='bbox 1142 4237 1238 4305; x_wconf 80' lang='lat' dir='ltr'><strong>ccipe:</strong></span> <span class='ocrx_word' id='word_1_388' title='bbox 1258 4238 1325 4293; x_wconf 84' lang='lat' dir='ltr'><strong>sutis</strong></span> 
     </span>
     <span class='ocr_line' id='line_1_38' title="bbox 185 4329 1327 4397; baseline 0.005 -17"><span class='ocrx_word' id='word_1_389' title='bbox 185 4333 228 4381; x_wconf 87' lang='lat' dir='ltr'><strong>est</strong></span> <span class='ocrx_word' id='word_1_390' title='bbox 245 4332 311 4395; x_wconf 88' lang='lat' dir='ltr'><strong>post</strong></span> <span class='ocrx_word' id='word_1_391' title='bbox 329 4329 351 4380; x_wconf 90' lang='grc' dir='ltr'><strong><em>Β</em></strong></span> <span class='ocrx_word' id='word_1_392' title='bbox 372 4343 433 4382; x_wconf 88' lang='lat' dir='ltr'><strong>nam</strong></span> <span class='ocrx_word' id='word_1_393' title='bbox 451 4334 516 4397; x_wconf 85' lang='lat' dir='ltr'><strong>post</strong></span> <span class='ocrx_word' id='word_1_394' title='bbox 533 4343 583 4384; x_wconf 89' lang='lat' dir='ltr'><strong>sua</strong></span> <span class='ocrx_word' id='word_1_395' title='bbox 601 4329 683 4394; x_wconf 77' lang='lat' dir='ltr'><strong>Pili</strong></span> <span class='ocrx_word' id='word_1_396' title='bbox 704 4344 730 4382; x_wconf 86' lang='grc' dir='ltr'><strong>ιι.</strong></span> <span class='ocrx_word' id='word_1_397' title='bbox 750 4331 785 4384; x_wconf 82' lang='grc'><strong>44</strong></span> <span class='ocrx_word' id='word_1_398' title='bbox 805 4343 838 4384; x_wconf 82' lang='lat' dir='ltr'><strong>er</strong></span> <span class='ocrx_word' id='word_1_399' title='bbox 855 4331 879 4383; x_wconf 94' lang='grc' dir='ltr'><strong><em>Β</em></strong></span> <span class='ocrx_word' id='word_1_400' title='bbox 896 4332 971 4390; x_wconf 78' lang='lat' dir='ltr'><strong>dadi:</strong></span> <span class='ocrx_word' id='word_1_401' title='bbox 998 4345 1053 4388; x_wconf 88' lang='lat' dir='ltr'><strong>nen</strong></span> <span class='ocrx_word' id='word_1_402' title='bbox 1075 4333 1167 4385; x_wconf 85' lang='lat' dir='ltr'><strong>taceat</strong></span> <span class='ocrx_word' id='word_1_403' title='bbox 1184 4329 1264 4386; x_wconf 88' lang='lat' dir='ltr'><strong>immo</strong></span> <span class='ocrx_word' id='word_1_404' title='bbox 1282 4345 1327 4386; x_wconf 85' lang='lat' dir='ltr'><strong>ae·</strong></span> 
     </span>
    </p>
   </div>
   <div class='ocr_carea' id='block_1_4' title="bbox 0 0 1576 4922">
    <p class='ocr_par' dir='ltr' id='par_1_6' title="bbox 0 0 1576 4922">
     <span class='ocr_line' id='line_1_39' title="bbox 0 0 1576 4922; baseline 0 3"><span class='ocrx_word' id='word_1_405' title='bbox 0 0 1576 4922; x_wconf 95' lang='lat' dir='ltr'><strong> </strong></span> 
     </span>
    </p>
   </div>
  </div>
 </body>
</html>
