3142 4922
740 485 779 542 73

193 653 348 736 periimus
369 653 472 718 editor
493 672 532 718 ex
548 652 668 718 Heinsii
691 652 870 718 coniectura
891 651 1010 732 recepit
1028 651 1235 733 supremum,
1258 669 1326 718 cum

1 799 2 856 3
74 825 89 848 ,
194 765 257 828 iarn
286 781 379 828 uersu
409 763 606 829 antecedenti
629 763 661 827 id
686 761 871 828 uocabulum
894 762 1026 842 legatur.
1072 779 1141 826 oum
1167 765 1272 826 autem
1296 762 1329 826 in

1 863 2 878 ¹
94 879 136 948 ,“
194 873 252 938 hoc
274 875 426 955 carmine,
456 874 544 939 ouius
574 872 672 938 uerba
701 873 733 937 in
755 871 788 936 B
808 872 994 954 praesertim
1016 869 1118 935 -nt
1140 890 1191 936 uu.
1214 875 1232 934 5
1254 875 1326 935 etd

195 983 279 1048 clare
310 985 528 1050 demonstrant
557 988 668 1048 -tot
697 988 863 1064 tantasque
894 981 1088 1064 corruptelas
1121 999 1214 1062 passa
1244 986 1326 1062 sunt,

195 1112 257 1158 non
290 1095 381 1158 nimis
414 1096 505 1160 anxie
535 1095 661 1160 traditis
691 1093 806 1158 litteris
837 1092 1000 1158 inhaerere
1029 1089 1186 1156 interdum
1217 1092 1329 1158 deceat

195 1204 350 1284 criticum,
375 1205 521 1287 rescripsi
545 1205 577 1269 id
600 1205 683 1286 quod
701 1204 888 1269 asententin
904 1204 994 1267 unice
1008 1200 1170 1283 flagitatur
1193 1201 1228 1266 ‘si
1247 1200 1328 1267 torte

194 1315 352 1400 prementi
372 1317 492 1380 errauit
515 1317 576 1379 iarn
599 1320 699 1379 morte
714 1315 824 1395 piger’3
846 1313 883 1378 cf.
909 1333 955 1378 ex.
970 1331 1016 1394 gr.
1033 1311 1114 1378 Giris
1135 1311 1225 1396 [316]
1249 1316 1328 1378 ‘oum

197 1430 354 1506 premeret
382 1431 512 1503 natura,
545 1426 624 1488 mori
654 1443 703 1489 me
733 1424 814 1488 uelle
844 1424 978 1505 negaui’.
1003 1462 1044 1470 -
1074 1422 1156 1488 idem
1187 1422 1272 1488 cadit
1294 1423 1326 1488 in

196 1552 320 1600 uersum
354 1538 394 1600 25
430 1535 449 1598 ‘i
466 1552 552 1598 erum
588 1536 705 1600 sentire
740 1535 846 1599 ruinas
883 1534 977 1599 Troia
1010 1551 1099 1614 suae,
1135 1533 1258 1630 iterum!
1277 1551 1328 1598 co·

197 1651 288 1726 getur
320 1644 452 1708 reddere
475 1639 594 1708 u'oces':¹
634 1663 735 1726 neque
765 1645 847 1710 enim
883 1643 1033 1710 absonum
1068 1643 1147 1707 illud
1186 1642 1327 1708 ‘reddere

195 1753 296 1819 uoces’
319 1755 489 1818 correxisse
516 1761 592 1836 puto
623 1755 794 1837 Heynium‚
830 1772 898 1819 oum
934 1754 1076 1819 ‘reddere
1106 1752 1232 1835 poenas’
1255 1771 1348 1834 pro·,

194 1869 333 1946 poneret.
359 1865 523 1946 =equidem
553 1865 635 1946 quod
673 1866 762 1947 posui
795 1867 932 1945 ‘cogetur
961 1865 1064 1930 sidere
1094 1865 1125 1928 in
1160 1863 1258 1945 ignes'
1285 1901 1328 1912 -

197 1973 234 2040 ol.
258 1973 354 2056 Uerg.
379 1977 455 2041 Aen.
480 1975 656 2040 11624-
686 1975 822 2040 libenter
852 1975 992 2053 abiciam,
1018 1975 1116 2055 siquis
1138 1974 1257 2040 leniore
1279 1993 1328 2040 re·

194 2086 297 2149 medio
318 2103 430 2150 sanare
452 2087 549 2152 uerba
578 2087 663 2150 sciet.
687 2121 730 2132 -
753 2105 781 2149 u.
808 2090 848 2150 30
872 2085 970 2150 ‘uiuat
1000 2084 1090 2149 Maro
1119 2085 1230 2149 ductus
1259 2084 1328 2149 ubi·

195 2195 276 2276 qne'.
322 2197 405 2277 quod
435 2215 493 2278 pro
525 2196 631 2277 inepto
663 2196 716 2261 illo
749 2195 880 2262 ‘ductus’
904 2195 976 2259 olim
1002 2196 1033 2258 in
1057 2194 1250 2260 Fleckeiseni
1273 2213 1328 2260 an-

194 2304 317 2370 nalibus
340 2305 437 2390 [1873
458 2325 488 2388 p.
513 2305 567 2390 63]
592 2307 718 2386 conieci,
740 2307 772 2370 id
797 2324 854 2371 neo
876 2324 957 2370 nunc
975 2310 1071 2370 muto.
1095 2341 1135 2352 --
1158 2306 1189 2368 in
1209 2305 1329 2370 ultimis

194 2416 338 2480 uersibus
359 2417 443 2481 solus
466 2415 496 2478 Β
520 2416 632 2496 dignus
655 2422 703 2480 est
723 2433 816 2497 quem
845 2418 876 2480 in
900 2415 1101 2482 restituendis
1123 2421 1236 2497 poetae
1257 2433 1329 2482 uer-

194 2527 242 2592 bis
261 2544 443 2608 sequamur;
474 2544 545 2590 nam
567 2526 598 2589 in
624 2525 695 2589 PU
722 2525 871 2590 librorum
896 2526 1080 2609 archetypo,
1113 2545 1181 2593 cum
1205 2527 1327 2591 librarii

194 2636 395 2702 festinatione
425 2654 463 2701 ex
495 2635 616 2700 duobus
650 2636 793 2701 uersibus
825 2654 904 2700 unus
934 2637 1103 2716 euasisset,
1137 2637 1188 2702 hic
1216 2642 1328 2719 postea

195 2764 389 2829 quocumque
411 2745 503 2810 modo
527 2750 683 2812 correctus
709 2751 765 2811 est.
812 2747 901 2810 unico
929 2752 1034 2810 autem
1057 2750 1174 2812 rectam
1195 2751 1273 2829 puto
1296 2765 1326 2811 u.

196 2861 237 2922 34
260 2856 425 2922 lectionem
452 2855 484 2918 in
516 2853 548 2918 B
569 2854 694 2920 obuiam
726 2855 903 2936 aeternus,
931 2857 972 2920 ad
994 2856 1077 2937 quod
1099 2856 1230 2920 uerbum
1253 2874 1326 2938 sup-

194 2966 342 3048 plendum
365 2972 413 3030 est
436 2963 625 3045 ‘Uergilius'‚
657 2966 746 3030 cuius
774 2965 893 3031 seilicet
921 2967 1059 3030 carmina
1081 2965 1164 3030 omni
1186 2970 1328 3048 ternpore

194 3095 212 3141 a
235 3075 334 3140 Musis
352 3075 473 3140 cantari
486 3074 655 3156 finguntur.
681 3113 724 3123 -
746 3096 775 3140 u.
795 3080 834 3141 35
857 3075 954 3140 uerba
978 3077 1019 3140 ‘in
1041 3076 1157 3157 populo
1180 3077 1246 3141 diui
1268 3077 1326 3142 sub

193 3188 319 3250 numine
348 3186 469 3251 nomen'
505 3187 559 3250 uix
591 3186 686 3251 ullam
720 3205 739 3252 a
768 3187 927 3251 latinitate
963 3187 1175 3252 defensionem
1211 3187 1327 3253 habere

192 3301 278 3378 puto.
324 3297 395 3361 dedi
421 3295 496 3360 ‘diui
519 3296 576 3360 sub
591 3298 716 3362 nomine
731 3298 866 3378 numen,
889 3299 1006 3363 idest:
1028 3297 1188 3363 audistin
1211 3297 1326 3380 populo

193 3407 294 3471 ‘diuus
320 3405 489 3485 Uergilius’
514 3415 545 3470 et
563 3408 607 3470 ita
630 3408 720 3488 quasi
743 3425 856 3473 numen
878 3408 1007 3472 colatur.

277 3517 387 3581 Restat
418 3522 453 3581 ut
476 3535 599 3580 carmen
631 3522 730 3581 totum
761 3536 781 3580 a
811 3517 900 3583 nobis
929 3517 1014 3583 haud
1044 3518 1153 3598 paucis
1182 3518 1326 3582 uersibus

192 3633 318 3691 auctum
341 3632 374 3690 et
395 3645 453 3708 pro
476 3625 596 3690 uiribus
626 3628 825 3692 emendatum
856 3645 1010 3710 apponam
1031 3628 1154 3693 adiecta
1176 3628 1259 3692 omni
1282 3627 1326 3692 le-

191 3737 303 3802 ctionis
326 3737 498 3801 uarietate:
573 3765 577 3769 ·
689 3731 693 3736 ’

293 3853 403 3923 Ergone
424 3854 557 3922 supremis
576 3855 667 3923 potuit
684 3870 738 3909 uox
755 3854 883 3922 improba
900 3855 992 3909 uerbis

293 3961 349 4010 tam
367 3955 454 4010 dirum
472 3954 600 4012 mandare
619 3955 717 4012 nefas?
737 3973 802 4027 ergo
820 3957 873 4013 ibit
889 3957 917 4010 in
937 3957 1015 4025 ignes

293 4029 446 4127 magnaque
464 4057 613 4128 doctiloqui
631 4059 762 4114 morietur
780 4060 861 4115 Musa
879 4059 1024 4115 Maronis?

188 4213 330 4269 Octauiani
351 4213 453 4268 cesaris
471 4214 582 4282 augusti
599 4227 696 4268 uersus
726 4212 759 4268 de
777 4212 916 4268 laudanda
935 4229 969 4268 ac
992 4212 1163 4270 adfirmando
1182 4220 1241 4268 arte
1262 4212 1326 4268 Uer·

189 4307 247 4377 gilii
265 4315 329 4376 post
346 4312 460 4361 mortem
479 4305 552 4362 illius
577 4306 714 4378 incipiunt
736 4307 776 4374 Β,
803 4306 980 4378 Epigramma
1004 4309 1074 4377 Arg.
1102 4306 1229 4363 Caesarie
1256 4304 1327 4374 quod
