3142 4922
816 371 855 430 52

268 538 337 602 cula
360 536 519 601 desiderat
547 536 746 601 adiectinnm.
791 538 984 604 dirimendae
1017 541 1089 602 sunt
1111 538 1238 603 litterae
1269 538 1314 602 ita
1338 537 1407 600 ‘mi-

267 665 338 711 sera
370 645 525 728 esperare’
562 647 822 730 scribendumque
860 648 913 731 (de
956 648 1120 730 ‘esperare’
1156 649 1194 716 cf.
1231 648 1405 714 Lachman-

268 776 326 821 nus
349 775 456 822 comm.
480 758 570 822 Lucr.
595 777 624 840 p.
649 758 742 842 232):
774 761 844 823 ‘non
867 759 944 824 haec
966 761 1080 838 misera
1103 777 1232 840 sperare
1255 758 1404 823 iubebas'.

267 869 329 932 ianr
352 885 408 949 per
430 867 559 934 ohiasmi
582 886 675 949 quarn
693 875 808 934 uocant
829 870 1024 951 grammatici
1047 867 1178 950 figuram
1201 870 1260 936 sibi
1276 887 1404 952 respon-

268 979 343 1043 dent
366 997 434 1043 curn
460 979 547 1043 ‘haec
567 980 688 1044 misere’
709 986 742 1045 et
762 981 903 1045 ‘conubia
926 980 1029 1061 lecta’,
1054 987 1120 1045 tum
1143 977 1406 1061 ‘haecpromissa‘

268 1096 300 1154 et
332 1091 467 1172 ‘optatos
500 1090 706 1173 hymenaeos’.
744 1129 785 1138 —
816 1093 855 1156 de
891 1092 1014 1156 ‘misera
1043 1091 1180 1173 sperare’
1210 1090 1248 1155 cf.
1281 1110 1310 1154 u.
1343 1094 1406 1154 186

268 1199 365 1266 ‘nulla
388 1199 479 1282 spes'.

355 1329 431 1394 ibid.
456 1333 513 1392 171
537 1347 623 1410 sqq.:

487 1473 618 1541 luppiter
635 1473 819 1540 omnipotens,
838 1473 941 1526 utinam
959 1488 993 1528 ne
1010 1481 1131 1541 tempore
1150 1473 1237 1542 111111

490 1565 592 1620 Gnosia
613 1565 761 1634 Cecropiae
778 1564 933 1634 tetigissent
949 1565 1032 1620 litora
1050 1581 1167 1635 puppes,

269 1705 295 1769 si
329 1703 469 1769 Ariadna
499 1704 687 1785 principium
719 1703 792 1768 mali
831 1704 878 1768 sui
917 1705 1056 1770 execrari
1090 1703 1205 1784 uoluit,
1236 1703 1345 1770 debuit
1369 1703 1406 1768 il-

274 1814 328 1879 lud
358 1813 508 1896 repetere
532 1816 572 1879 ab
596 1815 754 1896 Androgei
779 1814 917 1878 Athenas
948 1815 1069 1879 itinere.
1116 1814 1188 1878 uide
1213 1814 1288 1878 mihi
1310 1832 1404 1896 porro

268 1943 361 2007 quarn
384 1925 476 2008 plane
498 1931 627 2008 praeter
648 1925 867 1991 necessitatem
896 1925 944 1990 bis
967 1924 1050 1989 idern
1065 1965 1068 1978 «
1085 1924 1208 1989 dicatur
1230 1943 1259 1989 u.
1285 1927 1345 1988 172
1373 1930 1405 1988 11

168 2097 169 2100 ,
268 2054 298 2099 u.
325 2039 563 2102 traiecisse
591 2036 720 2102 habebit
751 2036 828 2100 illud
862 2038 1012 2118 ‘tempore
1034 2035 1153 2117 primo’,
1178 2036 1204 2099 si
1228 2036 1406 2117 reposueris

269 2143 396 2209 ‘Gnosia
416 2144 585 2228 Cecropiae
606 2146 762 2226 tetigisset
778 2146 872 2210 111111
886 2145 1020 2227 puppis’
1042 2150 1179 2210 ceterum
1198 2147 1259 2210 iam
1275 2146 1405 2227 antiquo

267 2260 408 2337 tempore
428 2256 544 2320 insedit
564 2257 686 2321 uitium.
732 2275 804 2320 narn
829 2258 862 2322 id
885 2256 968 2337 quud
992 2257 1023 2319 in
1054 2254 1083 2318 V
1101 2256 1251 2321 traditum
1275 2260 1322 2320 est
1342 2257 1405 2321 iarn

266 2363 450 2430 Macrobius·
466 2365 538 2450 [sat
563 2366 653 2447 Vll,
676 2365 731 2449 42]
755 2366 842 2448 legit,
865 2368 918 2449 qui
940 2367 1042 2432 minus
1065 2371 1149 2433 recte
1170 2366 1247 2431 illud
1263 2364 1405 2448 Uergilio

269 2473 359 2560 [Aen.
384 2475 428 2539 IV
450 2482 512 2542 656
536 2477 597 2560 sq.]
621 2478 821 2544 obuersatum
845 2495 912 2542 esse
933 2478 1103 2544 contendit.

360 2594 435 2662 ibid.
462 2599 523 2660 178
546 2615 608 2678 sq.:

491 2749 686 2805 Idomeneosne
703 2756 795 2818 petam
812 2749 940 2804 montes?
960 2764 985 2818 a,
1004 2747 1111 2816 gurgite
1129 2747 1186 2802 lato

488 2841 645 2897 discernens
664 2842 741 2910 ponti
759 2842 942 2897 muculentum
961 2841 1009 2895 ubi
1027 2840 1124 2895 diuidit
1142 2855 1253 2906 aequor.

269 2980 376 3062 ‘ponti’
403 2981 441 3060 0,
467 2980 615 3062 ‘pontum'
644 2981 673 3043 G
694 2997 793 3061 praue
815 2980 922 3044 tradit.
967 2998 1028 3044 non
1052 2980 1136 3045 cadit
1158 2985 1263 3046 autern
1287 2980 1317 3043 in
1339 2996 1405 3044 ser·

269 3091 370 3154 monis
401 3090 571 3155 Catulliani
601 3089 837 3171 simplicitatem
866 3092 939 3155 talis
970 3109 1209 3172 synonymorum
1235 3089 1405 3154 cumulatio

269 3199 458 3264 ‘discernens
481 3199 615 3264 diuidit’.
661 3217 732 3263 nam
754 3219 883 3281 prorsus
899 3201 962 3266 alia
982 3201 1064 3264 ratio
1084 3207 1132 3265 est
1147 3201 1294 3266 carminis
1315 3217 1405 3264 sexa-

238 3393 239 3398 *
265 3311 375 3390 gesimi
399 3311 495 3390 tertii,
520 3310 573 3374 nbi
589 3309 768 3374 affectatum
791 3316 886 3392 atque
903 3311 1080 3392 quaesitum
1103 3319 1151 3375 111
1165 3311 1243 3375 illud
1268 3311 1300 3375 in
1317 3314 1404 3373 utra-

266 3439 328 3502 que
360 3438 471 3486 uersus
504 3426 595 3503 parte
625 3420 719 3502 plane
757 3421 840 3486 idern
877 3422 1000 3487 dicendi
1037 3422 1184 3485 studium.
1237 3426 1403 3502 praeterea

267 3531 339 3596 ‘ubi’
374 3531 577 3610 uocabulum,
607 3549 803 3613 quocumque
825 3533 916 3598 modo
941 3532 1073 3613 accipis,
1105 3549 1166 3596 non
1189 3530 1284 3597 habet
1307 3531 1403 3594 inter·

264 3641 484 3722 pretationem.
521 3642 704 3707 emendandi
722 3641 895 3725 pericnlum
913 3642 1403 3725 11111111(1111111111111111-

267 3751 425 3816 dationem
446 3749 589 3833 proferre
618 3772 651 3818 11
674 3772 765 3836 posse
795 3772 885 3818 nemo
914 3752 1006 3819 facile
1028 3751 1210 3831 contendat)
1234 3752 1401 3832 aliquando

262 3861 339 3926 lusi:
364 3866 400 3941 1,
424 3865 549 3942 gurgite
570 3863 634 3928 lato
653 3865 832 3929 discernens
849 3866 937 3947 ponti
954 3864 1164 3929 truculentum
1179 3861 1300 3928 auidae
1316 3861 1399 3926 inni·
1432 3919 1434 3924 .

265 3971 323 4036 det
347 3991 463 4054 aequor
475 3973 501 4052 l’,
526 3973 584 4039 hoc
601 3983 663 4040 est:
687 3993 755 4040 cnm
774 3982 894 4041 montes
915 3976 1035 4056 patrios
1051 3980 1159 4056 petere
1175 3975 1307 4055 cupiam3
1330 3989 1401 4053 pro·

264 4081 352 4147 hibet
374 4100 470 4148 mare.
