3142 4922
823 417 865 476 50

200 635 202 644 .
277 579 329 647 rit.
383 583 474 648 nimis
504 588 609 648 antem
641 583 798 664 patienter
826 585 967 649 tulerunt
998 583 1134 646 editores
1163 581 1241 647 illud
1274 584 1301 645 ‘o
1329 580 1413 644 bona

218 777 221 784 γ
280 698 415 758 matrum
437 692 623 774 progenies’.
667 692 761 774 plane
791 695 873 758 enim
898 693 1097 758 intolerabile
1125 697 1191 773 cst,
1226 692 1329 772 siquid
1355 711 1415 772 ego

280 804 354 868 noui
376 803 733 884 poetarumlatinorum
764 805 912 886 loquendi
935 822 1048 884 genus,
1080 808 1214 867 matrum
1238 820 1301 866 uox
1322 803 1414 865 attri-
1464 799 1469 806 '

279 914 355 980 boto
386 899 520 995 quodam
556 914 720 978 destituta.
771 916 847 997 quid
879 914 1007 978 autem?
1039 931 1116 984 eone
1147 913 1271 978 nomine
1300 911 1416 976 heroas

279 1025 401 1089 saluere
424 1025 512 1089 iubet
533 1030 628 1105 poeta
659 1026 743 1106 quod
767 1044 784 1090 e
804 1025 957 1089 matribus
980 1024 1136 1106 procreati
1159 1022 1257 1088 sunt?
1301 1023 1415 1086 mirum

281 1141 432 1217 qnantum
456 1134 516 1199 hoc
538 1140 610 1217 post
631 1135 708 1199 illud
735 1137 864 1200 ‘saluete
887 1135 978 1199 deum
1001 1135 1109 1216 genns'
1131 1135 1234 1214 friget.
1268 1132 1414 1196 ‘alteram

281 1251 387 1311 antem
409 1263 541 1326 eamque
563 1247 677 1312 iustam
700 1246 899 1310 salutationis
922 1262 1047 1309 causam
1070 1261 1108 1308 ex
1129 1243 1263 1324 egregiis
1286 1242 1416 1306 heroum

278 1355 470 1421 facinoribus
497 1362 604 1437 petere
626 1358 730 1438 potuit
760 1355 930 1437 debuitque
959 1359 1068 1437 poeta3
1099 1355 1234 1418 uirtutes
1255 1371 1362 1418 eorum
1382 1373 1415 1417 u.

280 1472 317 1531 51
337 1473 596 1562 commemoratae
612 1485 673 1531 uuo
688 1467 792 1531 saltim
808 1455 904 1531 uerbo
926 1464 975 1530 hic
994 1464 1198 1544 attingendae
1221 1469 1320 1528 erant.
1364 1464 1418 1528 hic

1195 1577 1266 1616 matre

181 1655 189 1670 ,
285 1627 315 1691 V
332 1629 400 1692 ueri
413 1628 581 1708 uestigium
601 1629 833 1710 apertissimum
847 1627 979 1708 praebet
992 1625 1168 1690 exhibendo
1184 1626 1313 1690 ‘mater'.
1325 1617 1415 1690 ‘illud

279 1743 383 1803 autem
415 1737 533 1802 ‘matre’
556 1757 640 1819 cum,
671 1740 697 1804 si
726 1757 820 1803 uersu
846 1738 988 1819 sequenti
1010 1755 1133 1817 carcaa,
1166 1737 1260 1818 plane
1282 1737 1325 1801 sit
1349 1736 1417 1801 ine·

279 1855 376 1930 ptum,
401 1849 439 1914 ab
463 1850 688 1932 interpolatore
710 1847 895 1932 profectum,
921 1867 987 1914 esse
1010 1849 1214 1928 perpetem,
1247 1865 1317 1912 oum
1343 1865 1416 1912 con-

279 1965 330 2022 tra
361 1953 392 2024 et
427 1959 555 2040 ‘mater’,
589 1961 671 2042 quod
706 1959 734 2026 V
761 1961 843 2043 ipse,
875 1964 906 2024 et
931 1957 1094 2036 ‘matrum',
1126 1959 1209 2038 qnod
1248 1957 1416 2023 scholiasta

281 2068 470 2133 Ueronensis
495 2068 604 2149 babet,
637 2077 805 2151 utcumque
827 2070 1017 2152 interpolata
1040 2068 1207 2132 uideantur
1229 2069 1268 2134 ab
1292 2070 1337 2134 eis
1360 2070 1415 2150 qui

280 2178 355 2260 quid
389 2178 435 2242 illi
461 2181 580 2244 ‘matre’
613 2179 754 2245 facerent
776 2182 965 2260 ignorarent.
1010 2178 1096 2260 legas
1127 2179 1153 2242 ‘o
1191 2180 1273 2244 bona
1305 2179 1414 2244 Marte
1496 2179 1500 2186 “

279 2289 465 2371 progenies’.
510 2289 555 2353 sic
584 2307 631 2353 ex.
663 2309 708 2370 gr.
732 2290 859 2356 Tacitus
890 2290 1070 2374 [anule]
1101 2289 1280 2372 ‘Agrippam
1299 2290 1410 2354 bonum

280 2397 413 2462 militia'.
663 2397 672 2412 '

368 2508 443 2573 ibid.
467 2513 506 2573 52
530 2527 615 2591 sqq:

501 2659 615 2711 namque
636 2642 799 2700 fluentisono
819 2651 999 2715 prospectans
1016 2645 1097 2701 litore
1116 2646 1184 2702 Diae

501 2736 610 2791 Thesea
628 2737 767 2793 cedentem
786 2739 867 2794 celeri
886 2755 945 2793 cum
964 2739 1051 2794 classe
1068 2745 1163 2796 tuetur
1259 2785 1265 2800 ,
1347 2755 1351 2763 ·

501 2828 649 2884 indomitos
666 2830 694 2884 in
713 2833 795 2887 corde
813 2848 911 2902 gerens
932 2833 1054 2888 Ariadna
1072 2832 1189 2889 furores.

280 2967 350 3014 cum
372 2949 479 3014 classe
511 2950 593 3029 fugit
633 2951 686 3030 qui
721 2953 894 3033 complures
928 2953 1022 3019 habet
1055 2970 1168 3035 naues,
1209 2969 1343 3032 quarum
1368 2951 1410 3015 -in

282 3075 345 3122 rrua
365 3057 471 3139 aliqua
493 3060 560 3140 ipse
583 3066 631 3124 est
654 3061 830 3126 collocatus.
855 3063 891 3126 at*
908 3081 977 3128 cum
1000 3064 1167 3145 scriptores
1191 3066 1323 3142 ueteres,
1348 3066 1415 3126 tum

284 3167 436 3248 imagines
473 3169 682 3253 Pompeianae
719 3176 751 3235 et
791 3171 1039 3238 Herculanenses
1070 3193 1163 3239 uuam
1201 3171 1416 3237 tantummodo

284 3277 395 3342 Thesei
418 3297 553 3360 puppem
575 3279 671 3345 fuisse
693 3283 871 3374 ostendunt.
917 3284 1071 3348 rescribas
1094 3285 1126 3350 id
1147 3285 1231 3367 quod
1254 3283 1349 3348 etiam
1370 3282 1414 3346 al-

281 3386 475 3454 litteratione
491 3391 738 3456 commendatur:
783 3392 913 3458 ‘Thesea
936 3395 1097 3460 cedentem
1115 3395 1207 3462 celeri
1231 3397 1297 3458 tum
1320 3394 1417 3458 classe

282 3498 408 3596 tuetur'.
454 3517 526 3564 uam
551 3500 680 3566 classem
702 3521 759 3584 pro
783 3504 873 3570 unica
896 3505 970 3578 naui
992 3505 1067 3585 poni
1090 3510 1139 3569 sat
1161 3505 1329 3587 constat*).

350 3687 374 3754 *l
393 3703 421 3740 u.
439 3689 472 3740 56
490 3685 591 3742 ‘fallaci
616 3703 685 3755 qnae
702 3696 759 3744 tum
779 3689 894 3758 primum
923 3691 1012 3747 excita
1030 3695 1131 3748 somno’
1159 3697 1181 3747 0
1203 3694 1276 3749 ‘tune
1293 3693 1416 3762 primnm‘

282 3779 381 3847 tradit,
406 3781 478 3834 unde
497 3782 685 3849 corrigendum
710 3791 751 3837 est
775 3785 848 3837 ‘tunc
866 3785 997 3851 primum'.
1034 3786 1128 3841 eodem
1154 3803 1247 3842 errore
1270 3787 1296 3840 X
1314 3789 1330 3840 3
1348 3786 1376 3839 in
1397 3787 1418 3838 0

282 3872 358 3925 ‘tune
375 3868 496 3940 repente’
514 3889 565 3942 pro
583 3877 658 3930 ‘tunc
670 3878 791 3944 repente'
809 3877 915 3945 legitur.
930 3909 964 3917 —
984 3880 1264 3947 responsurum
1284 3895 1416 3948 reponen-

284 3964 347 4018 dum
368 3981 428 4020 esse
454 3967 571 4021 ‘niueum
589 3969 651 4022 iam'
670 3969 724 4036 (uel
743 3971 825 4039 ‘tum'l
843 3971 898 4024 dixi
921 3972 949 4025 in
975 3970 1145 4026 Fleckeiseni
1170 3973 1314 4028 aunabbus
1341 3975 1433 4039 1872,ἱ

281 4073 307 4124 p.
326 4058 385 4111 843.
406 4069 439 4096 -·-
457 4075 483 4112 u.
504 4062 553 4114 100
571 4077 630 4116 cum
648 4063 812 4118 Ritscbelius
830 4064 996 4132 reposuisset
1013 4067 1105 4135 ‘saepe
1128 4067 1214 4134 magis
1241 4065 1347 4120 fuluore
1372 4080 1417 4118 ex·

281 4149 381 4218 palluit
397 4152 473 4219 auri,
491 4168 578 4221 nuper
596 4153 730 4211 ‘fulnoris'
748 4155 913 4212 uocabulum
931 4157 1065 4214 stabilinit
1087 4159 1212 4229 Buggeus
1236 4159 1302 4214 ibid.
1329 4175 1356 4228 p.
1376 4159 1418 4212 98.
