3142 4922
322 1540 399 1606 Cum
422 1557 545 1621 semper
567 1538 770 1603 emendandis
791 1537 982 1603 carminibus
1004 1537 1049 1601 eis
1076 1553 1157 1618 quae
1189 1534 1371 1617 anthologia

239 1669 333 1735 quam
356 1667 470 1715 uocare
494 1649 710 1714 consueuimus
728 1648 832 1734 *latina
862 1648 1060 1713 eontinentur
1092 1663 1219 1728 operam
1241 1645 1368 1724 nunaut,

173 1755 189 1778 ⁴
239 1769 305 1826 tum
327 1760 378 1826 hic
401 1760 490 1841 quasi
514 1757 669 1825 corollarii
698 1759 767 1824 loco
795 1757 923 1824 afferam
945 1776 1026 1838 quae
1047 1775 1149 1838 neque
1168 1757 1293 1822 inutilia
1315 1773 1371 1822 ne·
1421 1817 1425 1824 .

237 1890 298 1954 que
319 1871 430 1936 harum
453 1887 557 1936 rerum
579 1869 727 1936 studiosis
750 1870 874 1952 ingrata
900 1868 967 1936 lore
989 1867 1150 1934 confidam.

791 2093 816 2158 1.

321 2250 358 2315 ln
380 2248 479 2313 Riasii
502 2247 639 2330 syllegae
661 2247 819 2312 uolumine
841 2246 941 2310 altero
964 2243 1008 2329 [p.
1035 2248 1095 2310 132
1105 2243 1188 2328 sqq]
1210 2242 1270 2308 hoc
1283 2243 1374 2306 extat

239 2376 380 2426 carmen:

341 2485 452 2553 Ergone
470 2482 604 2553 supremis
622 2483 713 2553 potuit
729 2498 782 2538 uox
799 2481 925 2552 improba
943 2481 1035 2537 uerbis

342 2579 409 2633 Tam
425 2577 512 2632 dirum
530 2576 658 2632 mundare
675 2575 775 2632 nefas?
793 2592 858 2645 ergo
876 2576 930 2631 ibit
946 2577 974 2629 in
990 2577 1069 2644 ignes

343 2669 500 2740 Magnaque
520 2669 669 2738 doctiloqui
687 2670 816 2724 morietur
835 2670 915 2723 Musa
932 2666 1075 2722 Maronis?

344 2766 369 2818 A
389 2765 479 2818 scelus
497 2763 550 2818 hoc
571 2763 700 2831 dignum?
721 2762 843 2818 soluetur
860 2762 952 2837 littera
969 2760 1046 2814 diues

342 2857 380 2912 Et
397 2864 526 2927 poterunt
544 2863 668 2924 spectare
686 2855 764 2926 oculi,
782 2868 833 2909 nec
849 2869 964 2922 parcere
980 2853 1078 2908 honori

344 2949 467 3004 Flamma
485 2950 559 3005 suo?
577 2949 742 3016 ductumque
758 2947 836 3015 operi
855 2945 979 3001 seruabit
996 2943 1133 3000 amorem?

343 3041 460 3097 Pulcher
477 3041 578 3110 Apollo
598 3041 675 3096 ueta!
696 3040 793 3094 Musae
811 3038 956 3107 prohibete
975 3038 1103 3093 Latinael

343 3135 428 3190 Liber
446 3140 474 3190 et
491 3134 563 3190 alma
580 3133 672 3200 Ceres,
689 3131 853 3187 succurrite!
871 3137 963 3187 uester
980 3132 1009 3186 in
1027 3130 1109 3184 armis

345 3225 426 3280 Miles
444 3231 512 3295 erat,
529 3234 621 3283 uester
639 3226 735 3281 docilis
753 3241 804 3296 per
820 3240 887 3280 rura
904 3223 1026 3280 colonus.

343 3317 414 3373 Nam
431 3319 523 3375 docuit
541 3320 606 3390 quid
625 3336 673 3376 uer
691 3325 794 3390 ageret,
812 3317 877 3386 quid
893 3325 1005 3386 cogeret
1021 3322 1122 3384 aestas
1341 3315 1375 3366 10

345 3410 416 3478 Quid
434 3416 513 3481 pater
531 3419 683 3480 autumnus,
702 3411 769 3482 quaid
787 3410 884 3466 bruma
895 3411 1044 3466 nouissima
1058 3408 1150 3465 ferret.

345 3504 454 3560 Arbuta
470 3505 605 3574 formauit,
624 3504 738 3561 sociauit
756 3504 858 3559 uitibus
877 3504 972 3572 ulmos,
1191 3503 1193 3509 ’

346 3595 459 3652 (iurauit
475 3599 604 3668 pecudes,
623 3599 720 3666 opibus
740 3613 789 3652 sua
808 3605 898 3652 castra
915 3596 1025 3652 dicauit.

345 3688 422 3744 Haec
441 3689 516 3746 dedit
534 3697 564 3746 nt
581 3698 702 3761 pereant,
720 3692 810 3760 ipsum
828 3690 852 3744 si
871 3688 961 3745 dicere
979 3688 1022 3744 fas
1040 3691 1095 3744 est!

347 3780 411 3835 ‘Sed
428 3780 517 3850 legum
536 3781 578 3837 eat
595 3784 730 3838 seruanda
746 3784 827 3853 fides3
844 3798 970 3852 suprema
987 3782 1113 3837 uoluntas

347 3873 426 3940 Quod
448 3876 560 3930 mandat
579 3876 694 3944 fierique
713 3877 796 3944 iubet,
815 3891 912 3946 parere
931 3890 1042 3930 neeesse
1060 3877 1119 3931 est’.

346 3965 499 4036 Frangatur
519 3968 609 4036 potius
626 3969 715 4038 legum
734 3970 886 4025 reuerenda
902 3973 1035 4037 potestas,

348 4058 435 4125 Quam
451 4067 493 4116 tot
510 4069 654 4130 congestos
672 4067 822 4130 noctesque
840 4061 953 4131 diesque
970 4059 1078 4116 labores

347 4148 484 4208 Hauseritx
498 4169 552 4208 una
570 4155 637 4224 dies,
655 4169 835 4223 supremaque
855 4154 940 4210 uerba
955 4155 1078 4224 parentis

346 4245 481 4303 Amlttant
499 4247 631 4316 uigilasse
648 4263 733 4303 suum.
772 4247 796 4301 si
812 4245 882 4303 forte
899 4261 1051 4316 supremum
