3142 4922
381 816 526 879 praeterea
543 811 617 868 nullo
635 813 709 880 litus,
728 811 787 865 sola
804 811 903 876 insula,
922 803 1016 890 tecto.¹

153 958 260 1022 neque
292 941 376 1005 ‘litus
407 940 491 1005 nullo
527 945 611 1005 tecto
640 941 696 1005 est'
727 941 825 1007 latine
856 942 972 1007 dicitur
1001 959 1101 1023 neque
1131 939 1194 1004 illis
1223 938 1299 1003 ‘sola

154 1049 272 1141 insula’
302 1051 381 1115 bene
412 1051 650 1131 disrumpuntur
683 1052 780 1116 uerba
804 1052 1012 1117 cohaerentia.
1057 1051 1147 1115 uaria
1178 1049 1300 1130 excogi-

154 1165 308 1226 taucrunt
329 1162 392 1224 uiri
415 1161 514 1225 docti:
546 1160 622 1225 mihi
645 1161 787 1227 Catullus
820 1163 943 1228 dedisse
975 1163 1102 1227 uidetur
1126 1163 1300 1243 ‘praeterea

90 1252 99 1278 ⁵
154 1269 277 1334 nodum
307 1270 398 1351 litus,
431 1271 497 1336 sola
525 1270 628 1336 insula
658 1273 761 1337 teoto’.
806 1279 890 1338 recte
920 1277 1025 1337 autern
1057 1271 1157 1336 ‘tecto’
1178 1290 1242 1336 uox
1264 1279 1299 1335 ut

154 1381 355 1460 a‘nudum’,
387 1383 432 1446 ita
455 1399 474 1444 a
498 1382 583 1446 ‘sola’
610 1383 741 1462 pendet,
773 1384 889 1464 quippe
919 1383 1002 1463 quod
1030 1380 1189 1447 ‘desolata’
1214 1382 1305 1447 nocis

158 1489 421 1572 significationem
443 1499 568 1573 aequet:

244 1601 319 1665 ibid.
343 1604 405 1664 212
429 1619 491 1682 sq.:

380 1740 497 1794 namque
515 1725 607 1782 ferunt
625 1726 697 1796 olim,
717 1737 809 1784 castae
830 1744 890 1782 oum
907 1730 1013 1784 moenia
1030 1728 1109 1784 diuae

379 1818 547 1887 linquentem
566 1827 676 1888 gnatum
696 1821 785 1875 uentis
804 1822 981 1877 concrederet
998 1825 1114 1890 Aegeus.

159 1955 305 2038 displicet
328 1957 533 2021 contradendi
564 1958 750 2024 uocabulum
773 1960 859 2024 uitae
878 1959 1056 2026 cotidianae
1080 1959 1179 2040 magis
1202 1977 1296 2040 quarn

161 2066 265 2131 cultae
295 2084 424 2149 poeseos
455 2069 590 2132 sermoni
629 2073 746 2150 aptum.
792 2071 823 2133 in
863 2071 1048 2135 Vtraditur
1080 2073 1158 2134 ‘curn
1191 2070 1298 2134 crede-

158 2177 228 2242 ret’.
273 2177 379 2257 legas:
419 2183 533 2242 ‘castae
569 2181 636 2242 tom
666 2181 789 2244 moenia
827 2181 921 2245 diuae
958 2180 1033 2262 linq.
1064 2186 1149 2262 goat.
1195 2181 1298 2244 uentis

155 2305 226 2352 cum
252 2287 395 2352 crederet
419 2288 560 2369 Aegeus’.
608 2289 697 2353 ‘curn’
719 2291 946 2355 coniunctionis
969 2291 1163 2372 postpositae
1176 2290 1299 2372 aliquot

156 2397 298 2479 exempla
320 2397 414 2462 attuli
438 2399 468 2462 in
492 2397 687 2471 Fleckeiseni
710 2400 812 2466 annal.
839 2404 921 2466 1872
943 2420 973 2483 p.
998 2400 1107 2484 630*).

245 2508 320 2573 ibid.
345 2511 407 2571 272
434 2525 519 2590 sqq:

380 2674 450 2727 quae
467 2659 546 2715 tarde
564 2662 681 2728 primurn
700 2660 825 2716 clementi
842 2659 951 2714 flamine
970 2660 1069 2728 pulsae'

378 2753 531 2821 procedunt
548 2753 699 2820 leuiterque
717 2758 817 2807 sonant
833 2753 964 2821 plangore
984 2753 1108 2807 cachinni

379 2851 442 2914 post
462 2852 545 2900 uento
565 2852 707 2900 crescente
725 2847 811 2914 magis
829 2846 916 2914 magis
934 2847 1127 2902 increbescunt

379 2953 572 3007 purpureaque
589 2938 686 3007 procul
704 2944 801 2992 nantes
817 2939 851 2993 ab
871 2940 930 2994 luce
948 2939 1099 3008 refulgent:

299 3083 305 3090 .
377 3032 416 3086 sic
434 3031 473 3086 ibi
492 3032 621 3088 uestibuli
639 3033 787 3099 linquentis
804 3033 883 3102 regia
899 3041 972 3089 tecta

379 3125 413 3180 ad
432 3141 461 3180 se
482 3126 598 3194 quisque
616 3141 687 3194 uago
706 3126 810 3194 passim
828 3127 897 3196 pede
916 3125 1103 3183 discedebant.

229 3315 253 3380 *l
275 3331 300 3367 u.
320 3315 371 3368 246
380 3328 456 3382 sqq:

383 3409 422 3462 sio
440 3407 547 3462 funesta
566 3407 661 3461 domus
691 3423 820 3475 ngressus
840 3414 913 3478 tecta
931 3416 1047 3478 paterna

378 3508 465 3556 morte
483 3499 562 3555 ferox
580 3500 711 3568 Theseus,
732 3501 839 3568 qualem
857 3501 975 3557 Minoidi
993 3503 1095 3558 luctum

378 3595 516 3650 obtulerat
534 3600 623 3649 mente
644 3594 793 3648 immemori
811 3595 894 3648 talem
912 3597 972 3664 ipse
991 3599 1101 3665 recepit.

223 3681 315 3754 neque
334 3687 446 3742 ‘domus’
465 3704 554 3756 neque
573 3703 638 3741 uero
668 3685 762 3741 ‘ferox’
782 3686 840 3741 sine
858 3688 951 3744 addito
971 3689 1088 3757 quodam
1105 3690 1217 3746 tolerari
1235 3708 1297 3759 pos·

160 3788 226 3834 sunt.
264 3781 335 3848 quod
360 3781 422 3836 olim
448 3783 550 3836 conieci
572 3781 676 3835 ‘domus
693 3781 831 3848 ingressus
854 3786 928 3836 tecta
947 3788 1078 3851 pateruae
1097 3784 1187 3839 Marte
1211 3783 1298 3838 ferox’

159 3888 228 3926 nunc
242 3873 321 3928 uideo
339 3873 373 3927 ab
392 3875 452 3929 aliis
466 3881 643 3944 praeceptum
663 3889 731 3928 esse.
759 3890 813 3928 non
827 3882 918 3942 potest
937 3883 1025 3931 autern
1044 3877 1167 3945 pulcrior
1185 3875 1296 3945 opposi·
1332 3909 1335 3914 ·

159 3967 195 4021 tio
213 3966 363 4034 excogitari
389 3984 470 4036 quarn
495 3969 563 4022 haec
593 3967 688 4022 domus
716 3973 848 4035 paternae
867 3969 942 4022 luctu
967 3969 1072 4024 obsitae
1098 3977 1126 4024 et
1144 3969 1245 4024 Thesei
1262 3969 1296 4024 ob

160 4060 297 4114 uictoriam
312 4055 430 4129 superbi.
467 4061 551 4116 uerba
570 4061 688 4130 ‘qualem
708 4060 823 4118 Minoidi
840 4062 941 4117 luctum
959 4063 1120 4132 obtulerat,
1138 4069 1169 4119 ut
1186 4062 1296 4119 tandem

161 4155 281 4209 desinant
300 4156 463 4210 coniecturis
486 4156 596 4222 uexari,
624 4155 725 4210 adnoto
750 4156 881 4211 imitatum
901 4171 960 4212 esse
988 4173 1047 4211 eum
1072 4157 1118 4225 qui
1137 4157 1210 4211 (lirin
1230 4157 1295 4213 scri·

99 4266 105 4272 ·
160 4248 213 4316 psit
231 4263 257 4301 u.
276 4249 327 4302 289
347 4248 470 4303 ‘insanae
484 4249 586 4303 luctum
604 4249 724 4317 portauit
742 4249 882 4304 alumnae'.
