3142 4922
728 487 766 546 15

266 649 356 728 Quod
389 652 480 718 modo
512 652 552 717 de
581 653 748 717 eorundem
779 654 1262 764 uocabulorumllocutionumue
1284 658 1315 722 iu

178 759 297 824 Catulli
322 764 476 841 poematis
500 763 607 832 eodem
632 764 781 845 temporis
804 765 906 845 spatio
929 767 1108 847 compositis
1130 768 1317 848 repetitione

179 871 255 936 dixi.
283 871 328 934 ita
347 877 453 952 potest
476 873 507 935 in
531 881 637 953 partes
666 875 771 938 noceri
795 881 830 938 ut
857 875 952 940 etiam
975 893 1100 940 carnaea
1122 875 1253 941 XXXVI
1275 877 1316 942 ad

179 979 326 1044 Lesbiam
357 1000 419 1046 non
450 981 581 1046 multum
611 989 684 1064 post
713 984 821 1049 datum
850 1003 919 1050 esse
947 987 1187 1052 demonstretur.
1231 988 1315 1068 quod

178 1090 225 1154 ita
247 1089 414 1156 sehabet:

283 1200 404 1254 mustea
422 1199 528 1269 Uolusi,
547 1208 642 1256 cacata
660 1201 763 1270 cbmta

282 1299 375 1346 uotum
395 1293 493 1350 soluite
511 1309 562 1362 pro
579 1309 643 1350 mea
659 1294 760 1364 puella.

283 1400 345 1440 nem
363 1394 473 1442 saumae
492 1386 592 1441 Ueneri
611 1386 794 1458 Cupidinique

285 1480 369 1545 uouit,
388 1479 411 1532 si
429 1479 481 1534 sibi
500 1480 643 1535 restitutus
661 1494 749 1535 essem

284 1568 470 1641 desissemque
487 1579 580 1629 truces
597 1572 709 1630 uibrare
725 1573 840 1643 iambos,

284 1663 448 1720 electissima
464 1665 576 1734 pessimi
593 1670 693 1734 poetae

284 1757 387 1826 scripta
404 1755 546 1826 tardipedi
563 1757 614 1816 deo
629 1758 754 1817 daturam

283 1850 438 1906 infelicibus
455 1851 604 1908 ustulnnds
620 1852 711 1922 lignis.

285 1953 314 2000 et
330 1944 384 1999 hoc
400 1944 521 2014 pessima
539 1960 569 2000 se
585 1945 680 2016 puella
697 1945 767 2002 uidit

182 2067 186 2073 ,
285 2037 377 2094 iocose
394 2037 487 2107 lepide
505 2054 606 2094 uouere
624 2037 703 2095 diuis.

282 2145 362 2198 nune,
380 2145 397 2186 o
415 2130 543 2187 caeruleo
561 2137 655 2187 creata
670 2136 765 2201 ponto,

277 2237 354 2293 quaa
372 2231 497 2280 sanctum
513 2223 630 2279 idulium
647 2223 785 2294 Uriosque
802 2231 898 2294 portus

283 2331 407 2386 quaeque
424 2318 539 2373 Ancum
556 2317 724 2387 Cnidumque
740 2317 957 2374 harundinosam

283 2409 350 2468 culis
368 2424 494 2480 quaeque
513 2410 683 2468 Amathunta
701 2426 825 2482 quaeque
843 2410 946 2480 Golgos

187 2552 191 2558 .
285 2517 410 2573 quaeque
428 2503 610 2560 Durrachium
627 2503 730 2560 Adriae
749 2504 898 2572 tabernam,

283 2600 426 2664 acceptum
443 2595 503 2652 tace
521 2595 710 2666 redditumque
728 2606 829 2665 uotum,

283 2688 307 2742 si
324 2704 379 2744 non
395 2689 544 2759 inlepidum
562 2705 651 2758 neque
668 2689 876 2744 inueuustumst.

283 2788 313 2836 at
330 2796 379 2838 nos
396 2781 501 2838 interes
518 2783 610 2838 uenite
628 2781 657 2836 iu
675 2781 773 2850 ignem,

283 2873 448 2944 planimris
467 2881 494 2930 et
511 2873 698 2946 inficetiarum,
748 2915 751 2920 -

283 2968 397 3026 annales
416 2968 520 3038 Uolusi,
538 2973 634 3025 cacata
650 2969 754 3025 charta.
1278 2969 1315 3023 20

182 3081 246 3145 ism
282 3080 380 3146 uerbo
410 3079 461 3164 [u.
490 3080 530 3165 4]
563 3081 599 3144 ‘si
636 3081 696 3147 sibi
724 3080 890 3145 restitutus
920 3077 1031 3144 essem‘
1060 3078 1117 3160 qui
1152 3095 1222 3144 cum
1251 3077 1314 3144 illis

9 3229 10 3233 =
114 3249 122 3255 ,
180 3208 206 3256 c.
224 3189 319 3270 cvn,
343 3194 364 3255 4
386 3190 479 3271 ‘quod
504 3194 538 3256 te
558 3190 707 3270 restituis,
732 3188 854 3267 Lesbia,
878 3189 922 3254 ml
942 3187 1065 3272 cupido'
1092 3187 1313 3254 contuleritis

180 3317 243 3365 nou
270 3298 330 3366 ibit
360 3298 476 3365 infitias
506 3300 641 3382 puellam
674 3319 699 3366 e.
727 3297 860 3364 XXXVI
882 3297 1041 3364 laudatum
1072 3297 1218 3364 Lesbiam
1245 3315 1314 3363 esse

180 3428 287 3476 omnes
308 3409 425 3476 babere
446 3409 680 3492 probabilitatis
701 3427 855 3476 numeros.
879 3445 918 3456 -
943 3407 1057 3475 Lesbia
1078 3407 1184 3489 igitur,
1209 3407 1237 3472 si
1254 3405 1313 3474 cr-

179 3520 277 3586 tullua
299 3520 360 3586 sibi
382 3521 547 3586 restitutus
570 3525 669 3601 esset,
698 3527 764 3585 tum
795 3537 871 3585 uero
899 3518 1028 3600 pessimi
1054 3503 1167 3601 poetae
1195 3518 1313 3600 scripta

179 3630 316 3713 pessime
339 3629 477 3696 Uolcano
507 3649 541 3697 se
571 3631 717 3696 daturam
747 3633 889 3696 uouerat.
933 3629 1018 3712 quod
1045 3646 1121 3694 sane
1150 3628 1255 3695 iocose
1276 3645 1314 3694 sc

179 3739 285 3822 lepide
309 3745 451 3806 uoueret.
495 3759 566 3806 nam
589 3743 757 3824 pessimum
780 3746 904 3822 poetam
934 3745 991 3805 aut
1018 3757 1076 3822 ego
1102 3739 1231 3821 egregie
1254 3738 1313 3804 fal·
1402 3755 1405 3764 ’

179 3850 229 3915 lor
250 3856 307 3916 aot
336 3851 439 3933 ipsum
470 3841 572 3923 uoluit
600 3869 668 3917 esse
697 3850 855 3916 Catullum
882 3852 991 3918 eadem
1022 3867 1078 3916 usa
1107 3849 1313 3931 ambiguitate

180 3977 243 4042 qua
259 3959 411 4027 Horatius
425 3959 497 4044 [sat.
522 3962 553 4028 II
576 3969 604 4042 1,
624 3965 664 4028 82
674 3961 755 4046 sqq]
779 3961 903 4028 ‘malum
926 3961 1061 4028 carmen’
1082 3960 1172 4040 dixit,
1194 3958 1314 4026 scilicet

180 4078 217 4136 ut
245 4077 404 4153 tamquam
443 4072 768 4140 maledicentissimum
805 4089 874 4138 eum
902 4073 1129 4155 perstringeret
1162 4071 1218 4151 qui
1248 4073 1313 4135 tem

180 4187 285 4250 buces
307 4181 435 4262 iambos,
459 4189 538 4265 puta
560 4183 706 4248 carminis
720 4182 834 4262 octaui,
858 4182 890 4246 in
914 4182 1000 4248 illam
1017 4181 1208 4247 uibrsuerat
1253 4178 1313 4246 Un-

179 4293 280 4360 tullus
299 4299 406 4362 autem
427 4312 496 4362 cum
527 4293 608 4360 bene
637 4292 722 4358 illius
749 4293 1120 4376 leporemperspiosret,
1148 4290 1239 4374 quasi
1259 4307 1313 4357 ue·
