3142 4922
744 471 880 542 67,

298 629 410 686 Errauit
426 632 479 687 iam
497 637 584 688 morte
600 633 693 704 piger,
712 635 736 690 si
755 635 848 704 lingua
859 635 958 690 locuta
974 641 1017 691 111

205 797 208 800 ¹
299 723 399 779 Nescio
417 724 484 794 quid
499 726 635 780 titubante
652 729 741 783 animo
759 744 815 783 non
832 736 929 797 sponte
948 729 995 784 sed
1014 730 1076 785 altis

209 827 212 832 ·
299 816 467 887 Expugnata
483 817 560 872 molis
577 818 639 873 odio
657 819 799 888 languoris
816 821 911 890 iniqui,

166 918 170 930 ⁴
300 909 329 963 Si
347 925 423 965 mens
443 925 525 966 oaeoa
543 909 610 966 luit:
628 897 727 968 iterum
745 914 845 969 sentire
862 913 955 968 ruinas

299 1002 383 1058 Troia
401 1019 471 1071 snas,
489 1005 587 1060 iterum
607 1014 718 1073 cogetur
735 1005 849 1061 reddere
867 1007 972 1060 uoces?

298 1095 416 1151 Audebit
434 1096 550 1152 miserae
568 1104 633 1166 post
652 1098 767 1153 uulnera
785 1099 884 1154 uulnus
902 1098 1028 1156 Elissae?

298 1187 365 1244 Tam
383 1203 492 1244 sacrum
510 1190 632 1245 soluetur
650 1193 741 1260 opus?
758 1195 801 1246 tot
817 1191 900 1260 bella,
916 1199 960 1248 tot
977 1207 1058 1248 enses

299 1281 332 1336 ln
351 1282 457 1336 eineres
476 1281 551 1336 dabit
569 1283 639 1338 bora
656 1299 758 1339 nocens
777 1291 806 1338 et
823 1283 946 1353 perfidus
963 1286 1060 1342 error?

298 1375 360 1430 Huc
375 1374 440 1444 huo,
458 1373 588 1444 Pierides,
606 1375 670 1432 date
688 1374 800 1432 flumina
820 1385 927 1448 cuncta,
944 1392 1069 1434 sorores:

296 1467 447 1536 Exspirent
464 1467 555 1537 ignes,v
569 1469 646 1523 uiuat
664 1470 744 1524 Maro
763 1469 860 1525 duetus
877 1470 978 1539 ubique

297 1559 479 1630 Ingratusque
497 1562 540 1615 sui
557 1560 763 1632 studiorumque
781 1561 891 1619 inuidus
910 1564 971 1619 orbi

296 1653 333 1707 Et
352 1652 442 1708 iaetus
460 1661 525 1722 post
543 1653 601 1711 fata
617 1670 728 1711 nocens.
764 1657 838 1725 qnod
855 1659 972 1713 iusserat
987 1657 1034 1712 ille

298 1746 338 1802 Sit
356 1747 480 1802 uetuisse
496 1761 597 1802 meum:
616 1748 684 1804 satis
702 1753 745 1802 est
764 1757 829 1818 post
846 1754 973 1819 tempora
988 1749 1072 1805 uitae.

299 1840 383 1895 Immo
401 1840 438 1896 sit
456 1845 596 1896 aeternum
612 1847 671 1896 tota
688 1847 834 1898 resonante
852 1842 970 1900 Camena

297 1933 421 2003 Carmen,
439 1937 468 1987 et
482 1933 512 1988 in
529 1934 633 2003 populo
651 1934 707 1990 diui
726 1935 776 1989 sub
795 1935 905 1991 numine
925 1949 1023 1992 nomeu
1294 1937 1329 1990 35

298 2027 439 2086 Laudatur
455 2027 548 2096 uigeat
564 2026 675 2113 placeat
691 2028 829 2098 relegetur
846 2032 965 2086 ametur!

194 2189 295 2254 edidit
316 2188 374 2255 boo
406 2208 529 2256 carmen
545 2191 678 2256 vRiesius
701 2208 739 2255 ex
754 2190 912 2256 codicibus
932 2188 1086 2256 Parisinis
1108 2165 1210 2271 2772,
1227 2193 1322 2271 7927,

193 2301 295 2378 8069,
331 2302 416 2364 6093
438 2318 510 2366 ase
531 2305 563 2366 11
585 2300 797 2366 Bernensibus
828 2304 905 2379 165,
939 2303 1017 2379 167,
1051 2303 1111 2365 172
1134 2301 1174 2365 ab
1197 2300 1327 2382 Hageno

86 2417 90 2424 “
193 2409 326 2474 conlatis
348 2413 381 2474 et
403 2410 487 2474 intra
509 2428 589 2477 saeo.
604 2410 737 2476 ΙΧ-ΧΙ
760 2410 895 2493 scriptis.
941 2421 999 2490 ego
1021 2411 1089 2492 ipse
1112 2408 1227 2475 librum
1248 2410 1328 2476 cele·

193 2518 361 2584 berrimum
382 2518 570 2584 Uaticanum
593 2524 676 2586 3252
699 2537 779 2586 seeo.
802 2519 861 2599 ΙΧ,
886 2521 941 2601 qui
964 2519 1038 2584 olim
1061 2519 1172 2585 Bembi
1196 2519 1272 2600 fuit,
1296 2523 1329 2584 et

192 2627 412 2694 Monacensem
442 2633 502 2695 305
535 2648 617 2696 saec,
644 2629 689 2694 XI
717 2628 846 2696 contuli.
890 2629 1052 2695 hiantem
1076 2629 1199 2695 oodioes
1222 2646 1329 2695 omnes

193 2757 315 2805 narnien
336 2745 475 2804 nostrum
504 2717 549 2806 ita
579 2745 615 2805 ut
644 2758 741 2822 supra
763 2739 984 2805 excribendum
1007 2739 1131 2819 curaui,
1161 2740 1188 2804 si
1211 2757 1328 2822 paruas

191 2850 343 2932 quasdam
373 2848 567 2916 differentias
598 2851 788 2930 omittimus,
827 2849 974 2914 unanimo
1004 2865 1156 2914 consensu
1185 2847 1327 2915 tradunt.

192 2960 300 3042 itaque
328 2959 406 3025 nulli
433 2959 560 3026 obuium
592 2964 640 3025 est
667 2960 875 3038 dubitationi,
908 2959 984 3041 quin
1013 2957 1061 3024 illi
1091 2975 1130 3024 ex
1153 2978 1215 3025 nno
1239 2959 1327 3026 fonte
1361 3015 1363 3018 .

191 3071 328 3136 deriueti
357 3071 430 3136 sint.
475 3070 516 3135 ad
539 3069 622 3135 idem
654 3075 759 3136 autem
790 3087 914 3135 carmen
937 3068 1094 3134 referendi
1117 3076 1191 3134 sunt
1212 3088 1332 3136 uersus·

192 3182 225 3244 in
247 3181 351 3246 oodiee
372 3179 527 3246 Uossiano
555 3185 611 3244 111
638 3199 718 3246 saec.
742 3179 966 3260 liberantes,
1002 3181 1057 3261 qui
1080 3180 1165 3261 apud
1188 3179 1327 3246 Riesium

193 3290 341 3373 leguntur
363 3309 394 3374 p.
420 3291 501 3354 112:

186 3440 188 3444 ¹
296 3449 397 3507 Nescio
415 3450 479 3518 quid
496 3447 617 3519 fugiente
626 3436 731 3520 11111111,
749 3463 804 3503 nou
823 3454 922 3518 sponte
940 3449 990 3504 sed
1008 3449 1071 3504 altis

298 3544 464 3616 Expugnare
480 3543 558 3598 malis
576 3542 641 3599 odio
656 3541 798 3611 languoris
817 3540 904 3609 iniqui

296 3637 416 3692 Insertur
434 3635 532 3706 Tyriae
549 3643 614 3703 post
632 3635 749 3690 uulnera
766 3634 865 3689 uulnus
884 3633 1018 3690 Elissae?

297 3731 402 3787 Sentiet
418 3729 565 3800 applicitos
581 3727 693 3784 turbata
709 3727 813 3798 Sibylla
830 3741 950 3797 uapores

181 3805 185 3810 ¹
278 3823 335 3879 ’111
350 3825 439 3880 iurata
457 3822 526 3878 mori
543 3835 594 3876 neo
612 3820 723 3889 cingula
739 3820 838 3876 reddet
856 3822 996 3877 Amazon?

297 3918 332 3972 Di
348 3917 461 3974 meliora
478 3915 541 3970 date
558 3908 591 3968 ae
609 3929 718 3969 sensnm
735 3919 866 3970 reuocate
883 3919 1026 3968 nocentem

295 4011 376 4082 (Paoe
396 4011 449 4066 uiri
466 4009 655 4078 haesitanti),
672 4021 722 4062 neo
741 3991 885 4062 eommoda¹
900 4005 1010 4076 ungine

212 4168 216 4176 ⁴
296 4105 396 4161 Diuitis
414 4103 557 4170 intereant
579 4115 629 4170 per
649 4115 730 4168 quam
747 4101 871 4176 Romana
888 4100 1032 4158 iuuentus.

296 4202 444 4254 Aeternum
460 4197 558 4253 florere
575 4199 685 4266 potest:
704 4193 777 4262 quod
794 4194 913 4250 iusserat
930 4193 986 4264 ille,

296 4293 336 4348 Sit
352 4291 472 4348 uetuisse
489 4305 585 4345 meum.
621 4303 684 4343 nam
701 4292 766 4356 post
784 4301 835 4343 sua
852 4293 976 4358 tempora
995 4289 1068 4344 uitae
1187 4297 1190 4326 1
1294 4287 1327 4338 10

1068 4384 1107 4435 ὅ*
