<?xml version="1.0" encoding="UTF-8"?>
<!DOCTYPE html PUBLIC "-//W3C//DTD XHTML 1.0 Transitional//EN"
    "http://www.w3.org/TR/xhtml1/DTD/xhtml1-transitional.dtd">
<html xmlns="http://www.w3.org/1999/xhtml" xml:lang="en" lang="en">
 <head>
  <title>
</title>
<meta http-equiv="Content-Type" content="text/html;charset=utf-8" />
  <meta name='ocr-system' content='tesseract 3.04.00' />
  <meta name='ocr-capabilities' content='ocr_page ocr_carea ocr_par ocr_line ocrx_word'/>
</head>
<body>
  <div class='ocr_page' id='page_1' title='image "./analectacatulli00baehgoog/analectacatulli00baehgoog_0008.png"; bbox 0 0 3142 4922; ppageno 0'>
   <div class='ocr_carea' id='block_1_1' title="bbox 496 1407 1102 1654">
    <p class='ocr_par' dir='ltr' id='par_1_1' title="bbox 496 1407 1102 1654">
     <span class='ocr_line' id='line_1_1' title="bbox 790 1407 815 1472; baseline -0.04 0"><span class='ocrx_word' id='word_1_1' title='bbox 790 1407 815 1472; x_wconf 91' lang='lat' dir='ltr'><strong>l.</strong></span> 
     </span>
     <span class='ocr_line' id='line_1_2' title="bbox 496 1544 1102 1654; baseline 0.007 -42"><span class='ocrx_word' id='word_1_2' title='bbox 496 1544 551 1613; x_wconf 83' lang='lat' dir='ltr'><strong>lte</strong></span> <span class='ocrx_word' id='word_1_3' title='bbox 574 1545 709 1654; x_wconf 76' lang='lat' dir='ltr'><strong>Catulli</strong></span> <span class='ocrx_word' id='word_1_4' title='bbox 732 1548 769 1616; x_wconf 88' lang='lat' dir='ltr'><strong>et</strong></span> <span class='ocrx_word' id='word_1_5' title='bbox 790 1545 942 1616; x_wconf 76' lang='lat' dir='ltr'><strong>Lesbiae</strong></span> <span class='ocrx_word' id='word_1_6' title='bbox 965 1565 1102 1634; x_wconf 72' lang='lat' dir='ltr'><strong>amore,</strong></span> 
     </span>
    </p>
   </div>
   <div class='ocr_carea' id='block_1_2' title="bbox 232 1724 1459 2252">
    <p class='ocr_par' dir='ltr' id='par_1_2' title="bbox 232 1724 1459 2252">
     <span class='ocr_line' id='line_1_3' title="bbox 318 1724 1369 1811; baseline 0.004 -22"><span class='ocrx_word' id='word_1_7' title='bbox 318 1725 366 1790; x_wconf 87' lang='lat' dir='ltr'><strong>De</strong></span> <span class='ocrx_word' id='word_1_8' title='bbox 387 1724 504 1791; x_wconf 81' lang='lat' dir='ltr'><strong>Catulli</strong></span> <span class='ocrx_word' id='word_1_9' title='bbox 521 1725 635 1791; x_wconf 87' lang='lat' dir='ltr'><strong>Lesbia</strong></span> <span class='ocrx_word' id='word_1_10' title='bbox 647 1733 755 1793; x_wconf 92' lang='lat' dir='ltr'><strong>nostra</strong></span> <span class='ocrx_word' id='word_1_11' title='bbox 778 1733 884 1795; x_wconf 89' lang='lat' dir='ltr'><strong>aetate</strong></span> <span class='ocrx_word' id='word_1_12' title='bbox 906 1730 969 1794; x_wconf 92' lang='lat' dir='ltr'><strong>duo</strong></span> <span class='ocrx_word' id='word_1_13' title='bbox 991 1730 1187 1811; x_wconf 82' lang='lat' dir='ltr'><strong>potissimum</strong></span> <span class='ocrx_word' id='word_1_14' title='bbox 1208 1730 1271 1794; x_wconf 89' lang='lat' dir='ltr'><strong>uiri</strong></span> <span class='ocrx_word' id='word_1_15' title='bbox 1285 1729 1369 1794; x_wconf 92' lang='lat' dir='ltr'><strong>docti</strong></span> 
     </span>
     <span class='ocr_line' id='line_1_4' title="bbox 234 1834 1459 1922; baseline 0.002 -22"><span class='ocrx_word' id='word_1_16' title='bbox 234 1835 274 1900; x_wconf 90' lang='lat' dir='ltr'><strong>de</strong></span> <span class='ocrx_word' id='word_1_17' title='bbox 296 1834 422 1900; x_wconf 84' lang='lat' dir='ltr'><strong>Catullo</strong></span> <span class='ocrx_word' id='word_1_18' title='bbox 446 1835 668 1917; x_wconf 84' lang='lat' dir='ltr'><strong>benemeriti,</strong></span> <span class='ocrx_word' id='word_1_19' title='bbox 700 1837 872 1903; x_wconf 77' lang='lat' dir='ltr'>Mauricius</span> <span class='ocrx_word' id='word_1_20' title='bbox 897 1839 1054 1922; x_wconf 88' lang='lat' dir='ltr'><strong>Hauptius</strong></span> <span class='ocrx_word' id='word_1_21' title='bbox 1089 1839 1167 1922; x_wconf 87' lang='lat' dir='ltr'><strong>[obs.</strong></span> <span class='ocrx_word' id='word_1_22' title='bbox 1189 1841 1257 1904; x_wconf 91' lang='lat' dir='ltr'><strong>crit.</strong></span> <span class='ocrx_word' id='word_1_23' title='bbox 1281 1857 1311 1920; x_wconf 88' lang='lat' dir='ltr'><strong>p.</strong></span> <span class='ocrx_word' id='word_1_24' title='bbox 1335 1837 1368 1921; x_wconf 85' lang='grc'><strong>8]</strong></span> <span class='ocrx_word' id='word_1_25' title='bbox 1455 1881 1459 1888; x_wconf 89' lang='grc'>-</span> 
     </span>
     <span class='ocr_line' id='line_1_5' title="bbox 234 1945 1369 2032; baseline 0 -20"><span class='ocrx_word' id='word_1_26' title='bbox 234 1951 267 2012; x_wconf 89' lang='lat' dir='ltr'><strong>et</strong></span> <span class='ocrx_word' id='word_1_27' title='bbox 295 1947 485 2032; x_wconf 83' lang='lat' dir='ltr'><strong>Ludouicus</strong></span> <span class='ocrx_word' id='word_1_28' title='bbox 503 1945 682 2011; x_wconf 86' lang='lat' dir='ltr'><strong>Schwabius</strong></span> <span class='ocrx_word' id='word_1_29' title='bbox 713 1945 846 2030; x_wconf 90' lang='lat' dir='ltr'><strong>[quaest.</strong></span> <span class='ocrx_word' id='word_1_30' title='bbox 877 1947 990 2013; x_wconf 84' lang='lat' dir='ltr'><strong>Catuli.</strong></span> <span class='ocrx_word' id='word_1_31' title='bbox 1019 1967 1050 2030; x_wconf 91' lang='lat' dir='ltr'><strong>p.</strong></span> <span class='ocrx_word' id='word_1_32' title='bbox 1074 1947 1223 2032; x_wconf 71' lang='lat' dir='ltr'><strong>obsqq.]‚</strong></span> <span class='ocrx_word' id='word_1_33' title='bbox 1256 1953 1288 2013; x_wconf 89' lang='lat' dir='ltr'><strong>et</strong></span> <span class='ocrx_word' id='word_1_34' title='bbox 1315 1947 1369 2012; x_wconf 89' lang='lat' dir='ltr'><strong>ille</strong></span> 
     </span>
     <span class='ocr_line' id='line_1_6' title="bbox 233 2055 1368 2139; baseline 0 -17"><span class='ocrx_word' id='word_1_35' title='bbox 233 2057 361 2139; x_wconf 87' lang='lat' dir='ltr'><strong>quidem</strong></span> <span class='ocrx_word' id='word_1_36' title='bbox 390 2055 587 2139; x_wconf 83' lang='lat' dir='ltr'><strong>perbreuiter</strong></span> <span class='ocrx_word' id='word_1_37' title='bbox 616 2062 649 2122; x_wconf 87' lang='lat' dir='ltr'><strong>et</strong></span> <span class='ocrx_word' id='word_1_38' title='bbox 681 2055 775 2121; x_wconf 85' lang='lat' dir='ltr'><strong>nullis</strong></span> <span class='ocrx_word' id='word_1_39' title='bbox 806 2057 922 2123; x_wconf 90' lang='lat' dir='ltr'><strong>additis</strong></span> <span class='ocrx_word' id='word_1_40' title='bbox 951 2059 1142 2137; x_wconf 82' lang='lat' dir='ltr'><strong>rationibus,</strong></span> <span class='ocrx_word' id='word_1_41' title='bbox 1181 2058 1231 2123; x_wconf 90' lang='lat' dir='ltr'><strong>hic</strong></span> <span class='ocrx_word' id='word_1_42' title='bbox 1263 2063 1368 2123; x_wconf 86' lang='lat' dir='ltr'><strong>autem</strong></span> 
     </span>
     <span class='ocr_line' id='line_1_7' title="bbox 232 2165 1368 2252; baseline 0 -20"><span class='ocrx_word' id='word_1_43' title='bbox 232 2168 322 2249; x_wconf 84' lang='lat' dir='ltr'><strong>larga</strong></span> <span class='ocrx_word' id='word_1_44' title='bbox 351 2167 519 2249; x_wconf 86' lang='lat' dir='ltr'><strong>amplaque</strong></span> <span class='ocrx_word' id='word_1_45' title='bbox 548 2165 762 2248; x_wconf 88' lang='lat' dir='ltr'><strong>disputatione</strong></span> <span class='ocrx_word' id='word_1_46' title='bbox 790 2185 879 2247; x_wconf 86' lang='lat' dir='ltr'><strong>usus,</strong></span> <span class='ocrx_word' id='word_1_47' title='bbox 910 2169 956 2232; x_wconf 89' lang='lat' dir='ltr'><strong>ita</strong></span> <span class='ocrx_word' id='word_1_48' title='bbox 971 2170 1203 2252; x_wconf 89' lang='lat' dir='ltr'><strong>quaesiuerunt</strong></span> <span class='ocrx_word' id='word_1_49' title='bbox 1232 2173 1269 2232; x_wconf 91' lang='lat' dir='ltr'><strong>ut</strong></span> <span class='ocrx_word' id='word_1_50' title='bbox 1295 2185 1368 2232; x_wconf 59' lang='lat' dir='ltr'><strong>ean⁴</strong></span> 
     </span>
    </p>
   </div>
   <div class='ocr_carea' id='block_1_3' title="bbox 232 2275 1474 2373">
    <p class='ocr_par' dir='ltr' id='par_1_3' title="bbox 232 2275 1474 2373">
     <span class='ocr_line' id='line_1_8' title="bbox 232 2275 1474 2373; baseline -0.002 -29"><span class='ocrx_word' id='word_1_51' title='bbox 232 2278 304 2344; x_wconf 91' lang='lat' dir='ltr'><strong>dem</strong></span> <span class='ocrx_word' id='word_1_52' title='bbox 327 2282 424 2359; x_wconf 87' lang='lat' dir='ltr'><strong>atque</strong></span> <span class='ocrx_word' id='word_1_53' title='bbox 442 2275 585 2371; x_wconf 81' lang='lat' dir='ltr'><strong>Clodiam</strong></span> <span class='ocrx_word' id='word_1_54' title='bbox 601 2276 693 2342; x_wconf 90' lang='lat' dir='ltr'><strong>istam</strong></span> <span class='ocrx_word' id='word_1_55' title='bbox 715 2277 974 2358; x_wconf 81' lang='lat' dir='ltr'><strong>quadrantariam</strong></span> <span class='ocrx_word' id='word_1_56' title='bbox 992 2277 1150 2344; x_wconf 81' lang='lat' dir='ltr'><strong>Ciceronis</strong></span> <span class='ocrx_word' id='word_1_57' title='bbox 1172 2279 1368 2361; x_wconf 84' lang='lat' dir='ltr'><strong>potissimum</strong></span> <span class='ocrx_word' id='word_1_58' title='bbox 1470 2364 1474 2373; x_wconf 18' lang='grc' dir='ltr'><em>Ι</em></span> 
     </span>
    </p>
   </div>
   <div class='ocr_carea' id='block_1_4' title="bbox 199 2385 1443 4236">
    <p class='ocr_par' dir='ltr' id='par_1_4' title="bbox 199 2385 1370 3460">
     <span class='ocr_line' id='line_1_9' title="bbox 230 2385 1368 2471; baseline -0.001 -19"><span class='ocrx_word' id='word_1_59' title='bbox 230 2407 289 2471; x_wconf 86' lang='lat' dir='ltr'><strong>pro</strong></span> <span class='ocrx_word' id='word_1_60' title='bbox 312 2386 420 2454; x_wconf 83' lang='lat' dir='ltr'><strong>(laelio</strong></span> <span class='ocrx_word' id='word_1_61' title='bbox 444 2386 590 2454; x_wconf 71' lang='lat' dir='ltr'><strong>oratione·</strong></span> <span class='ocrx_word' id='word_1_62' title='bbox 608 2385 790 2451; x_wconf 84' lang='lat' dir='ltr'><strong>infamatam</strong></span> <span class='ocrx_word' id='word_1_63' title='bbox 814 2385 1018 2454; x_wconf 83' lang='lat' dir='ltr'><strong>affirmarent.</strong></span> <span class='ocrx_word' id='word_1_64' title='bbox 1064 2389 1119 2454; x_wconf 92' lang='lat' dir='ltr'><strong>sed</strong></span> <span class='ocrx_word' id='word_1_65' title='bbox 1143 2387 1296 2453; x_wconf 85' lang='lat' dir='ltr'><strong>Schwabii</strong></span> <span class='ocrx_word' id='word_1_66' title='bbox 1318 2405 1368 2452; x_wconf 90' lang='lat' dir='ltr'><strong>ar-</strong></span> 
     </span>
     <span class='ocr_line' id='line_1_10' title="bbox 199 2496 1369 2580; baseline -0.001 -18"><span class='ocrx_word' id='word_1_67' title='bbox 199 2520 204 2530; x_wconf 92' lang='lat'><em>·</em></span> <span class='ocrx_word' id='word_1_68' title='bbox 230 2497 500 2580; x_wconf 81' lang='lat' dir='ltr'><strong>gumentationem</strong></span> <span class='ocrx_word' id='word_1_69' title='bbox 524 2513 593 2562; x_wconf 91' lang='lat' dir='ltr'><strong>cum</strong></span> <span class='ocrx_word' id='word_1_70' title='bbox 612 2513 675 2560; x_wconf 92' lang='lat' dir='ltr'><strong>non</strong></span> <span class='ocrx_word' id='word_1_71' title='bbox 697 2513 760 2560; x_wconf 89' lang='lat' dir='ltr'><strong>una</strong></span> <span class='ocrx_word' id='word_1_72' title='bbox 784 2498 823 2562; x_wconf 91' lang='lat' dir='ltr'><strong>ab</strong></span> <span class='ocrx_word' id='word_1_73' title='bbox 846 2504 938 2580; x_wconf 88' lang='lat' dir='ltr'><strong>parte</strong></span> <span class='ocrx_word' id='word_1_74' title='bbox 959 2499 1104 2564; x_wconf 88' lang='lat' dir='ltr'><strong>uiderent</strong></span> <span class='ocrx_word' id='word_1_75' title='bbox 1127 2496 1290 2576; x_wconf 87' lang='lat' dir='ltr'><strong>infirmam,</strong></span> <span class='ocrx_word' id='word_1_76' title='bbox 1313 2515 1369 2579; x_wconf 86' lang='lat' dir='ltr'><strong>po·</strong></span> 
     </span>
     <span class='ocr_line' id='line_1_11' title="bbox 230 2594 1368 2692; baseline -0.001 -20"><span class='ocrx_word' id='word_1_77' title='bbox 230 2613 299 2673; x_wconf 88' lang='lat' dir='ltr'><strong>stea</strong></span> <span class='ocrx_word' id='word_1_78' title='bbox 327 2609 593 2689; x_wconf 79' lang='lat' dir='ltr'><strong>impugnarerunt</strong></span> <span class='ocrx_word' id='word_1_79' title='bbox 623 2605 799 2671; x_wconf 84' lang='lat' dir='ltr'><strong>Guilelmus</strong></span> <span class='ocrx_word' id='word_1_80' title='bbox 838 2594 1071 2673; x_wconf 77' lang='lat' dir='ltr'><strong>Vorlaende&#39;rus</strong></span> <span class='ocrx_word' id='word_1_81' title='bbox 1101 2607 1166 2692; x_wconf 82' lang='lat' dir='ltr'><strong>[⁴de</strong></span> <span class='ocrx_word' id='word_1_82' title='bbox 1189 2606 1305 2673; x_wconf 84' lang='lat' dir='ltr'><strong>Catulli</strong></span> <span class='ocrx_word' id='word_1_83' title='bbox 1328 2607 1368 2671; x_wconf 90' lang='lat' dir='ltr'><strong>ad</strong></span> 
     </span>
     <span class='ocr_line' id='line_1_12' title="bbox 230 2713 1369 2802; baseline -0.002 -20"><span class='ocrx_word' id='word_1_84' title='bbox 230 2717 376 2783; x_wconf 87' lang='lat' dir='ltr'><strong>Lesbiam</strong></span> <span class='ocrx_word' id='word_1_85' title='bbox 393 2715 592 2783; x_wconf 88' lang='lat' dir='ltr'><strong>carminibus’</strong></span> <span class='ocrx_word' id='word_1_86' title='bbox 615 2713 868 2798; x_wconf 80' lang='lat' dir='ltr'><strong>Bonnae1864]‚</strong></span> <span class='ocrx_word' id='word_1_87' title='bbox 893 2716 927 2780; x_wconf 85' lang='lat' dir='ltr'><strong>T.</strong></span> <span class='ocrx_word' id='word_1_88' title='bbox 952 2717 986 2782; x_wconf 87' lang='lat' dir='ltr'><strong>T.</strong></span> <span class='ocrx_word' id='word_1_89' title='bbox 1006 2717 1164 2783; x_wconf 87' lang='lat' dir='ltr'><strong>Kreonius</strong></span> <span class='ocrx_word' id='word_1_90' title='bbox 1186 2717 1369 2802; x_wconf 71' lang='lat' dir='ltr'><strong>[quaestio-</strong></span> 
     </span>
     <span class='ocr_line' id='line_1_13' title="bbox 230 2825 1369 2910; baseline 0 -18"><span class='ocrx_word' id='word_1_91' title='bbox 230 2844 288 2893; x_wconf 88' lang='lat' dir='ltr'><strong>nes</strong></span> <span class='ocrx_word' id='word_1_92' title='bbox 310 2825 519 2893; x_wconf 78' lang='lat' dir='ltr'><strong>Catullianae’</strong></span> <span class='ocrx_word' id='word_1_93' title='bbox 545 2825 642 2907; x_wconf 82' lang='lat' dir='ltr'><strong>Lugd.</strong></span> <span class='ocrx_word' id='word_1_94' title='bbox 658 2825 771 2891; x_wconf 89' lang='lat' dir='ltr'><strong>Batau.</strong></span> <span class='ocrx_word' id='word_1_95' title='bbox 791 2826 886 2910; x_wconf 81' lang='lat'>1864]</span> <span class='ocrx_word' id='word_1_96' title='bbox 910 2830 951 2906; x_wconf 88' lang='lat' dir='ltr'><strong>et,</strong></span> <span class='ocrx_word' id='word_1_97' title='bbox 973 2828 1028 2908; x_wconf 90' lang='lat' dir='ltr'><strong>qui</strong></span> <span class='ocrx_word' id='word_1_98' title='bbox 1050 2826 1161 2892; x_wconf 88' lang='lat' dir='ltr'><strong>horum</strong></span> <span class='ocrx_word' id='word_1_99' title='bbox 1183 2831 1369 2908; x_wconf 87' lang='lat' dir='ltr'><strong>argumenta</strong></span> 
     </span>
     <span class='ocr_line' id='line_1_14' title="bbox 230 2935 1367 3020; baseline -0.004 -17"><span class='ocrx_word' id='word_1_100' title='bbox 230 2936 410 3018; x_wconf 78' lang='lat' dir='ltr'><strong>complexus</strong></span> <span class='ocrx_word' id='word_1_101' title='bbox 439 2941 520 3016; x_wconf 58' lang='lat' dir='ltr'><strong>est„</strong></span> <span class='ocrx_word' id='word_1_102' title='bbox 541 2935 720 3001; x_wconf 84' lang='lat' dir='ltr'><strong>Alexander</strong></span> <span class='ocrx_word' id='word_1_103' title='bbox 748 2935 872 3001; x_wconf 90' lang='lat' dir='ltr'><strong>Riesius</strong></span> <span class='ocrx_word' id='word_1_104' title='bbox 903 2935 949 3020; x_wconf 91' lang='lat' dir='ltr'><strong>[iu</strong></span> <span class='ocrx_word' id='word_1_105' title='bbox 977 2937 1170 3003; x_wconf 83' lang='lat' dir='ltr'><strong>Fleckeiseni</strong></span> <span class='ocrx_word' id='word_1_106' title='bbox 1206 2937 1309 3003; x_wconf 87' lang='lat' dir='ltr'><strong>annal.</strong></span> <span class='ocrx_word' id='word_1_107' title='bbox 1339 2955 1367 3002; x_wconf 92' lang='lat' dir='ltr'><strong>a.</strong></span> 
     </span>
     <span class='ocr_line' id='line_1_15' title="bbox 233 3045 1369 3130; baseline 0.001 -19"><span class='ocrx_word' id='word_1_108' title='bbox 233 3050 316 3112; x_wconf 80' lang='lat'>1872</span> <span class='ocrx_word' id='word_1_109' title='bbox 331 3063 362 3128; x_wconf 84' lang='lat' dir='ltr'><strong>p.</strong></span> <span class='ocrx_word' id='word_1_110' title='bbox 379 3045 541 3130; x_wconf 64' lang='lat' dir='ltr'><strong>ldlsqql.</strong></span> <span class='ocrx_word' id='word_1_111' title='bbox 587 3063 665 3127; x_wconf 91' lang='lat' dir='ltr'><strong>quos</strong></span> <span class='ocrx_word' id='word_1_112' title='bbox 688 3063 756 3111; x_wconf 91' lang='lat' dir='ltr'><strong>curn</strong></span> <span class='ocrx_word' id='word_1_113' title='bbox 778 3046 967 3128; x_wconf 89' lang='lat' dir='ltr'><strong>obloquendi</strong></span> <span class='ocrx_word' id='word_1_114' title='bbox 990 3047 1094 3112; x_wconf 85' lang='lat' dir='ltr'><strong>studio</strong></span> <span class='ocrx_word' id='word_1_115' title='bbox 1114 3046 1206 3112; x_wconf 90' lang='lat' dir='ltr'><strong>nimis</strong></span> <span class='ocrx_word' id='word_1_116' title='bbox 1221 3048 1369 3128; x_wconf 87' lang='lat' dir='ltr'><strong>abreptos</strong></span> 
     </span>
     <span class='ocr_line' id='line_1_16' title="bbox 231 3156 1369 3239; baseline -0.001 -18"><span class='ocrx_word' id='word_1_117' title='bbox 231 3174 271 3221; x_wconf 91' lang='lat' dir='ltr'><strong>ea</strong></span> <span class='ocrx_word' id='word_1_118' title='bbox 299 3174 415 3238; x_wconf 83' lang='lat' dir='ltr'><strong>negare</strong></span> <span class='ocrx_word' id='word_1_119' title='bbox 446 3173 527 3238; x_wconf 91' lang='lat' dir='ltr'><strong>quae</strong></span> <span class='ocrx_word' id='word_1_120' title='bbox 557 3157 667 3236; x_wconf 82' lang='lat' dir='ltr'><strong>negari</strong></span> <span class='ocrx_word' id='word_1_121' title='bbox 695 3156 781 3221; x_wconf 92' lang='lat' dir='ltr'><strong>nullo</strong></span> <span class='ocrx_word' id='word_1_122' title='bbox 810 3157 902 3222; x_wconf 93' lang='lat' dir='ltr'><strong>modo</strong></span> <span class='ocrx_word' id='word_1_123' title='bbox 932 3157 1124 3236; x_wconf 89' lang='lat' dir='ltr'><strong>debuerunt,</strong></span> <span class='ocrx_word' id='word_1_124' title='bbox 1154 3157 1239 3221; x_wconf 95' lang='lat' dir='ltr'><strong>haud</strong></span> <span class='ocrx_word' id='word_1_125' title='bbox 1268 3175 1369 3239; x_wconf 89' lang='lat' dir='ltr'><strong>pauca</strong></span> 
     </span>
     <span class='ocr_line' id='line_1_17' title="bbox 231 3265 1370 3354; baseline -0.003 -21"><span class='ocrx_word' id='word_1_126' title='bbox 231 3272 337 3333; x_wconf 90' lang='lat' dir='ltr'><strong>autem</strong></span> <span class='ocrx_word' id='word_1_127' title='bbox 360 3268 393 3332; x_wconf 88' lang='lat' dir='ltr'><strong>in</strong></span> <span class='ocrx_word' id='word_1_128' title='bbox 416 3267 478 3334; x_wconf 87' lang='lat' dir='ltr'><strong>hac</strong></span> <span class='ocrx_word' id='word_1_129' title='bbox 494 3267 677 3348; x_wconf 81' lang='lat' dir='ltr'><strong>quaestione</strong></span> <span class='ocrx_word' id='word_1_130' title='bbox 700 3266 803 3354; x_wconf 86' lang='lat' dir='ltr'><strong>adhuc</strong></span> <span class='ocrx_word' id='word_1_131' title='bbox 820 3266 988 3332; x_wconf 88' lang='lat' dir='ltr'><strong>admodum</strong></span> <span class='ocrx_word' id='word_1_132' title='bbox 1010 3268 1107 3332; x_wconf 91' lang='lat' dir='ltr'><strong>dubia</strong></span> <span class='ocrx_word' id='word_1_133' title='bbox 1122 3268 1273 3347; x_wconf 84' lang='lat' dir='ltr'><strong>uiderem,</strong></span> <span class='ocrx_word' id='word_1_134' title='bbox 1298 3265 1370 3330; x_wconf 90' lang='lat' dir='ltr'><strong>hinc</strong></span> 
     </span>
     <span class='ocr_line' id='line_1_18' title="bbox 231 3376 1216 3460; baseline -0.005 -15"><span class='ocrx_word' id='word_1_135' title='bbox 231 3379 333 3460; x_wconf 75' lang='lat' dir='ltr'><strong>pmmo</strong></span> <span class='ocrx_word' id='word_1_136' title='bbox 355 3377 468 3444; x_wconf 91' lang='lat' dir='ltr'><strong>horum</strong></span> <span class='ocrx_word' id='word_1_137' title='bbox 490 3376 701 3441; x_wconf 85' lang='lat' dir='ltr'><strong>analectorum</strong></span> <span class='ocrx_word' id='word_1_138' title='bbox 725 3377 822 3458; x_wconf 86' lang='lat' dir='ltr'><strong>capiti</strong></span> <span class='ocrx_word' id='word_1_139' title='bbox 842 3378 1007 3442; x_wconf 85' lang='lat' dir='ltr'><strong>materiam</strong></span> <span class='ocrx_word' id='word_1_140' title='bbox 1030 3395 1100 3442; x_wconf 91' lang='lat' dir='ltr'><strong>esse</strong></span> <span class='ocrx_word' id='word_1_141' title='bbox 1120 3377 1216 3442; x_wconf 91' lang='lat' dir='ltr'><strong>uolui.</strong></span> 
     </span>
    </p>

    <p class='ocr_par' dir='ltr' id='par_1_5' title="bbox 231 3484 1443 4236">
     <span class='ocr_line' id='line_1_19' title="bbox 259 3484 1443 3568; baseline -0.006 -11"><span class='ocrx_word' id='word_1_142' title='bbox 259 3551 263 3558; x_wconf 89' lang='lat'><em>.</em></span> <span class='ocrx_word' id='word_1_143' title='bbox 318 3488 415 3553; x_wconf 89' lang='lat' dir='ltr'><strong>Recte</strong></span> <span class='ocrx_word' id='word_1_144' title='bbox 438 3493 544 3552; x_wconf 84' lang='lat' dir='ltr'><strong>autern</strong></span> <span class='ocrx_word' id='word_1_145' title='bbox 561 3485 719 3551; x_wconf 88' lang='lat' dir='ltr'><strong>Kreonius</strong></span> <span class='ocrx_word' id='word_1_146' title='bbox 733 3485 922 3568; x_wconf 88' lang='lat' dir='ltr'><strong>Riesiusque</strong></span> <span class='ocrx_word' id='word_1_147' title='bbox 945 3484 1100 3551; x_wconf 87' lang='lat' dir='ltr'><strong>Schwabii</strong></span> <span class='ocrx_word' id='word_1_148' title='bbox 1123 3487 1369 3568; x_wconf 90' lang='lat' dir='ltr'><strong>disputationem</strong></span> <span class='ocrx_word' id='word_1_149' title='bbox 1441 3506 1443 3510; x_wconf 91' lang='lat'>·</span> 
     </span>
     <span class='ocr_line' id='line_1_20' title="bbox 231 3595 1371 3692; baseline -0.004 -28"><span class='ocrx_word' id='word_1_150' title='bbox 231 3616 269 3664; x_wconf 91' lang='lat' dir='ltr'><strong>eo</strong></span> <span class='ocrx_word' id='word_1_151' title='bbox 298 3599 432 3692; x_wconf 79' lang='lat' dir='ltr'><strong>maxime</strong></span> <span class='ocrx_word' id='word_1_152' title='bbox 464 3597 609 3662; x_wconf 90' lang='lat' dir='ltr'><strong>laborare</strong></span> <span class='ocrx_word' id='word_1_153' title='bbox 640 3595 863 3661; x_wconf 86' lang='lat' dir='ltr'><strong>intellexeruut</strong></span> <span class='ocrx_word' id='word_1_154' title='bbox 896 3598 980 3678; x_wconf 94' lang='lat' dir='ltr'><strong>quod</strong></span> <span class='ocrx_word' id='word_1_155' title='bbox 1009 3597 1065 3662; x_wconf 92' lang='lat' dir='ltr'><strong>ille</strong></span> <span class='ocrx_word' id='word_1_156' title='bbox 1096 3614 1177 3679; x_wconf 89' lang='lat' dir='ltr'><strong>quae</strong></span> <span class='ocrx_word' id='word_1_157' title='bbox 1207 3595 1371 3678; x_wconf 89' lang='lat' dir='ltr'><strong>probanda</strong></span> 
     </span>
     <span class='ocr_line' id='line_1_21' title="bbox 232 3705 1372 3789; baseline -0.003 -17"><span class='ocrx_word' id='word_1_158' title='bbox 232 3713 323 3772; x_wconf 88' lang='lat' dir='ltr'><strong>erant</strong></span> <span class='ocrx_word' id='word_1_159' title='bbox 352 3708 415 3772; x_wconf 91' lang='lat' dir='ltr'><strong>iarn</strong></span> <span class='ocrx_word' id='word_1_160' title='bbox 445 3706 580 3789; x_wconf 89' lang='lat' dir='ltr'><strong>probata</strong></span> <span class='ocrx_word' id='word_1_161' title='bbox 617 3706 723 3787; x_wconf 92' lang='lat' dir='ltr'><strong>posuit</strong></span> <span class='ocrx_word' id='word_1_162' title='bbox 759 3711 855 3786; x_wconf 89' lang='lat' dir='ltr'><strong>atque</strong></span> <span class='ocrx_word' id='word_1_163' title='bbox 884 3705 1027 3772; x_wconf 80' lang='lat' dir='ltr'><strong>Clodiam</strong></span> <span class='ocrx_word' id='word_1_164' title='bbox 1062 3706 1320 3789; x_wconf 90' lang='lat' dir='ltr'><strong>quadrantariam</strong></span> <span class='ocrx_word' id='word_1_165' title='bbox 1352 3722 1372 3769; x_wconf 92' lang='lat' dir='ltr'><strong>a</strong></span> 
     </span>
     <span class='ocr_line' id='line_1_22' title="bbox 232 3813 1371 3898; baseline -0.005 -14"><span class='ocrx_word' id='word_1_166' title='bbox 232 3817 356 3884; x_wconf 76' lang='lat' dir='ltr'><strong>Catullo</strong></span> <span class='ocrx_word' id='word_1_167' title='bbox 375 3817 507 3882; x_wconf 86' lang='lat' dir='ltr'><strong>Lesbiae</strong></span> <span class='ocrx_word' id='word_1_168' title='bbox 531 3817 656 3881; x_wconf 89' lang='lat' dir='ltr'><strong>nomine</strong></span> <span class='ocrx_word' id='word_1_169' title='bbox 676 3813 750 3881; x_wconf 91' lang='lat' dir='ltr'><strong>ficto</strong></span> <span class='ocrx_word' id='word_1_170' title='bbox 766 3813 973 3896; x_wconf 84' lang='lat' dir='ltr'><strong>significatam</strong></span> <span class='ocrx_word' id='word_1_171' title='bbox 997 3835 1065 3882; x_wconf 86' lang='lat' dir='ltr'><strong>esse</strong></span> <span class='ocrx_word' id='word_1_172' title='bbox 1081 3815 1241 3882; x_wconf 82' lang='lat' dir='ltr'><strong>affirmans</strong></span> <span class='ocrx_word' id='word_1_173' title='bbox 1258 3815 1371 3898; x_wconf 84' lang='lat' dir='ltr'><strong>(ipsius</strong></span> 
     </span>
     <span class='ocr_line' id='line_1_23' title="bbox 231 3924 1372 4009; baseline -0.004 -17"><span class='ocrx_word' id='word_1_174' title='bbox 231 3933 304 3992; x_wconf 91' lang='lat' dir='ltr'><strong>utor</strong></span> <span class='ocrx_word' id='word_1_175' title='bbox 325 3925 445 4009; x_wconf 90' lang='lat' dir='ltr'><strong>uerbis)</strong></span> <span class='ocrx_word' id='word_1_176' title='bbox 468 3925 601 3991; x_wconf 89' lang='lat' dir='ltr'><strong>Lesbiae</strong></span> <span class='ocrx_word' id='word_1_177' title='bbox 624 3931 656 3990; x_wconf 88' lang='lat' dir='ltr'><strong>et</strong></span> <span class='ocrx_word' id='word_1_178' title='bbox 679 3924 796 3991; x_wconf 79' lang='lat' dir='ltr'><strong>Catulli</strong></span> <span class='ocrx_word' id='word_1_179' title='bbox 820 3943 957 3990; x_wconf 89' lang='lat' dir='ltr'><strong>amorem</strong></span> <span class='ocrx_word' id='word_1_180' title='bbox 980 3945 1050 3992; x_wconf 86' lang='lat' dir='ltr'><strong>oum</strong></span> <span class='ocrx_word' id='word_1_181' title='bbox 1071 3931 1226 4008; x_wconf 88' lang='lat' dir='ltr'><strong>perpetua</strong></span> <span class='ocrx_word' id='word_1_182' title='bbox 1242 3924 1372 3990; x_wconf 85' lang='lat' dir='ltr'><strong>Clodiae</strong></span> 
     </span>
     <span class='ocr_line' id='line_1_24' title="bbox 232 4034 1372 4124; baseline -0.005 -20"><span class='ocrx_word' id='word_1_183' title='bbox 232 4038 466 4120; x_wconf 88' lang='lat' dir='ltr'><strong>comparatione</strong></span> <span class='ocrx_word' id='word_1_184' title='bbox 483 4037 652 4124; x_wconf 74' lang='lat' dir='ltr'><strong>enarrauit.</strong></span> <span class='ocrx_word' id='word_1_185' title='bbox 698 4035 757 4100; x_wconf 90' lang='lat' dir='ltr'><strong>hoc</strong></span> <span class='ocrx_word' id='word_1_186' title='bbox 772 4035 854 4106; x_wconf 86' lang='lat' dir='ltr'><strong>enim</strong></span> <span class='ocrx_word' id='word_1_187' title='bbox 875 4041 968 4118; x_wconf 86' lang='lat' dir='ltr'><strong>pacto</strong></span> <span class='ocrx_word' id='word_1_188' title='bbox 983 4036 1132 4118; x_wconf 82' lang='lat' dir='ltr'><strong>perfacile</strong></span> <span class='ocrx_word' id='word_1_189' title='bbox 1147 4034 1216 4100; x_wconf 90' lang='lat' dir='ltr'><strong>fieri</strong></span> <span class='ocrx_word' id='word_1_190' title='bbox 1232 4035 1372 4116; x_wconf 85' lang='lat' dir='ltr'><strong>potuisse</strong></span> 
     </span>
     <span class='ocr_line' id='line_1_25' title="bbox 232 4134 1372 4236; baseline -0.005 -22"><span class='ocrx_word' id='word_1_191' title='bbox 232 4154 268 4214; x_wconf 87' lang='lat' dir='ltr'><strong>ut</strong></span> <span class='ocrx_word' id='word_1_192' title='bbox 290 4148 391 4214; x_wconf 89' lang='lat' dir='ltr'><strong>multa</strong></span> <span class='ocrx_word' id='word_1_193' title='bbox 413 4147 467 4212; x_wconf 93' lang='lat' dir='ltr'><strong>ille</strong></span> <span class='ocrx_word' id='word_1_194' title='bbox 491 4145 622 4236; x_wconf 82' lang='lat' dir='ltr'><strong>inferret</strong></span> <span class='ocrx_word' id='word_1_195' title='bbox 645 4145 751 4210; x_wconf 90' lang='lat' dir='ltr'><strong>aliena</strong></span> <span class='ocrx_word' id='word_1_196' title='bbox 771 4134 871 4210; x_wconf 88' lang='lat' dir='ltr'><strong>multa</strong></span> <span class='ocrx_word' id='word_1_197' title='bbox 893 4147 1081 4214; x_wconf 84' lang='lat' dir='ltr'><strong>admisceret</strong></span> <span class='ocrx_word' id='word_1_198' title='bbox 1103 4146 1208 4225; x_wconf 91' lang='lat' dir='ltr'><strong>dubia,</strong></span> <span class='ocrx_word' id='word_1_199' title='bbox 1232 4145 1302 4227; x_wconf 92' lang='lat' dir='ltr'><strong>quis</strong></span> <span class='ocrx_word' id='word_1_200' title='bbox 1325 4147 1372 4208; x_wconf 91' lang='lat' dir='ltr'><strong>est</strong></span> 
     </span>
    </p>
   </div>
   <div class='ocr_carea' id='block_1_5' title="bbox 232 4255 1372 4411">
    <p class='ocr_par' dir='ltr' id='par_1_6' title="bbox 232 4255 1372 4411">
     <span class='ocr_line' id='line_1_26' title="bbox 232 4255 1372 4341; baseline -0.004 -17"><span class='ocrx_word' id='word_1_201' title='bbox 232 4259 307 4341; x_wconf 89' lang='lat' dir='ltr'><strong>quin</strong></span> <span class='ocrx_word' id='word_1_202' title='bbox 329 4255 516 4340; x_wconf 81' lang='lat' dir='ltr'><strong>intellegat?</strong></span> <span class='ocrx_word' id='word_1_203' title='bbox 549 4256 672 4321; x_wconf 84' lang='lat' dir='ltr'><strong>unicam</strong></span> <span class='ocrx_word' id='word_1_204' title='bbox 703 4256 926 4337; x_wconf 83' lang='lat' dir='ltr'><strong>igituruium,</strong></span> <span class='ocrx_word' id='word_1_205' title='bbox 958 4274 1022 4337; x_wconf 89' lang='lat' dir='ltr'><strong>qua</strong></span> <span class='ocrx_word' id='word_1_206' title='bbox 1051 4257 1082 4321; x_wconf 93' lang='lat' dir='ltr'><strong>in</strong></span> <span class='ocrx_word' id='word_1_207' title='bbox 1106 4275 1144 4321; x_wconf 90' lang='lat' dir='ltr'><strong>re</strong></span> <span class='ocrx_word' id='word_1_208' title='bbox 1164 4261 1229 4320; x_wconf 88' lang='lat' dir='ltr'><strong>tam</strong></span> <span class='ocrx_word' id='word_1_209' title='bbox 1251 4256 1372 4322; x_wconf 87' lang='lat' dir='ltr'><strong>ineerta</strong></span> 
     </span>
     <span class='ocr_line' id='line_1_27' title="bbox 655 4353 1147 4411; baseline -0.006 -48"><span class='ocrx_word' id='word_1_210' title='bbox 655 4353 660 4363; x_wconf 88' lang='lat'><strong>.</strong></span> <span class='ocrx_word' id='word_1_211' title='bbox 1109 4360 1147 4411; x_wconf 56' lang='lat' dir='ltr'><strong>l*</strong></span> 
     </span>
    </p>
   </div>
   <div class='ocr_carea' id='block_1_6' title="bbox 0 0 1577 4922">
    <p class='ocr_par' dir='ltr' id='par_1_7' title="bbox 0 0 1577 4922">
     <span class='ocr_line' id='line_1_28' title="bbox 0 0 1577 4922; baseline 0 0"><span class='ocrx_word' id='word_1_212' title='bbox 0 0 1577 4922; x_wconf 95' lang='lat' dir='ltr'><strong> </strong></span> 
     </span>
    </p>
   </div>
  </div>
 </body>
</html>
