3142 4922
273 630 349 696 rua
373 628 563 713 masque:

407 773 480 828 illius
501 774 625 842 egregias
643 773 758 828 uirtutes
778 773 907 841 claraque
923 772 997 827 facta

324 904 329 916 .
408 882 491 935 saepe
509 866 668 922 fatebuntur
686 874 828 934 gnatorum
846 866 874 920 in
891 865 987 924 funere
1004 875 1113 935 matres,

408 975 468 1014 cum
485 960 513 1014 in
531 960 647 1014 cinerem
668 975 751 1014 canos
771 960 878 1014 solueut
896 975 913 1014 a
930 961 1032 1014 uertice
1050 961 1139 1015 crines

406 1054 571 1121 putridaque
590 1052 703 1107 infirmis
721 1053 868 1108 uariabant
884 1060 997 1120 pectora
1014 1053 1118 1122 palmis.

138 1251 141 1253 ,
184 1200 329 1262 prauum
343 1190 390 1247 est
413 1202 431 1246 a
453 1181 611 1246 latinitate
635 1182 711 1247 iilud
736 1182 776 1246 ‘in
800 1183 955 1260 cinerem,
981 1183 1048 1248 siue
1070 1202 1127 1264 pro
1152 1185 1196 1248 ‘ut
1215 1184 1320 1251 uiuere

127 1355 139 1364 ,
182 1293 383 1374 spargantur’
405 1294 473 1358 siue
493 1311 550 1374 pro
575 1297 619 1356 ‘ut
642 1292 760 1358 tumulo
784 1293 962 1358 iniciuntur’
984 1293 1108 1374 accipie.
1154 1314 1247 1375 porro
1270 1313 1322 1360 ae·

181 1423 239 1485 gre
264 1403 478 1469 desideramus
502 1403 663 1492 epitheton
686 1402 813 1483 aliquod
830 1403 981 1468 uocabulo
1006 1405 1143 1470 ‘uertice'
1167 1406 1318 1471 additum.

186 1515 292 1596 longe
311 1491 415 1578 autem
446 1514 531 1578 aliud
564 1532 657 1594 quam
687 1513 770 1595 quod
801 1514 895 1594 uulgo
927 1513 1028 1578 fertur
1060 1515 1090 1578 in
1122 1513 1320 1580 Vtraditum

188 1629 246 1688 est.
291 1643 362 1688 uam
386 1642 443 1704 pro
467 1625 508 1688 ‘in
533 1624 678 1688 cinerem’
701 1623 832 1704 praehet
856 1621 1033 1704 ‘iuoiuium’‚
1061 1645 1155 1705 porro
1178 1646 1236 1708 pro
1260 1629 1321 1692 ‘ca-

185 1733 252 1798 nos’
281 1713 480 1810 O‘inc'inos’,
515 1733 650 1813 denique
678 1733 761 1798 idem
787 1732 975 1799 taurinen
1008 1752 1065 1815 pru
1091 1735 1210 1800 ·erines’
1234 1736 1319 1816 legit.

187 1841 261 1908 hinc
284 1843 366 1907 ultro
388 1845 528 1908 nascitur
550 1843 727 1907 emendatio
751 1843 940 1908 certissima:
967 1847 1044 1909 ‘eum
1068 1844 1223 1910 incultum
1246 1865 1322 1911 cano

187 1953 314 2018 soluent
336 1971 355 2016 a
378 1955 497 2019 uertice
519 1953 653 2032 crinem’,
678 1954 746 2017 siue
770 1953 911 2034 uestigiis
936 1950 967 2018 0
988 1951 1134 2019 insistens
1152 1947 1246 2020 malis
1265 1958 1321 2020 ‘in-

187 2063 283 2128 cano’.
302 2082 495 2146 quamquam
513 2081 614 2146 paene
629 2062 820 2145 superfluum
837 2068 883 2126 est
901 2062 1026 2128 adferre
1042 2065 1191 2147 exempla,
1216 2072 1321 2133 tamen

185 2175 343 2240 exeribam
380 2173 515 2239 Senecae
546 2174 643 2238 uerba
675 2171 801 2256 [Troad.
837 2173 910 2255 100]
943 2174 1101 2239 ‘soluimus
1141 2195 1246 2242 enices
1276 2178 1321 2242 la·

185 2303 290 2350 oerum
314 2285 411 2350 multo
436 2283 545 2349 funere
568 2284 702 2364 erinem3
725 2301 813 2348 corna
836 2284 969 2349 demissa
993 2289 1040 2349 est
1062 2266 1162 2351 libera
1183 2288 1283 2353 nodo’.

274 2394 350 2460 ibid.
375 2397 510 2476 382sa:

407 2520 474 2574 talia
493 2519 650 2589 praefantes
669 2519 805 2586 quondam
825 2518 917 2573 felicia
937 2520 1012 2575 Pelei

409 2613 528 2667 earmina
545 2612 637 2666 diuino
656 2613 812 2667 cecinerunt
829 2620 941 2681 pectore
957 2615 1070 2669 Parcae.

187 2745 244 2808 pro
269 2725 466 2794 ‘cecinerunt’
490 2743 559 2791 cum
581 2727 613 2789 in
644 2723 674 2788 V
694 2725 845 2790 traditum
868 2727 909 2790 sit
934 2727 1102 2806 ‘cecinere’,
1125 2729 1321 2794 scribendum

190 2842 257 2900 erat
281 2837 430 2901 ‘cecinere
453 2860 470 2900 e
490 2816 616 2918 pectore
640 2835 784 2917 Paroae;’
807 2835 845 2901 cf.
866 2835 1027 2918 Uergilius
1050 2837 1139 2922 [Aen.
1163 2838 1218 2903 III.
1245 2840 1320 2922 373]

167 2951 293 3029 utque
316 2947 393 3012 haec
415 2946 529 3012 deinde
548 2949 632 3012 canit
655 2947 762 3012 diuino
786 2965 824 3012 ex
844 2965 899 3011 ore
921 2948 1087 3013 sacerdos’.

274 3059 349 3125 ibid.
375 3061 530 3139 caesos:
846 3059 847 3066 ’

410 3205 494 3258 saepe
510 3191 539 3246 iu
556 3190 664 3246 letifero
683 3189 749 3245 belli
768 3190 915 3246 certamine
933 3191 1047 3247 Mauors

410 3290 457 3340 aut
474 3284 563 3353 rapidi
582 3283 702 3338 Tritonis
720 3299 768 3338 cra
785 3289 833 3338 aut
851 3284 1018 3340 Rhamnusia
1036 3285 1114 3353 uirgo

409 3383 526 3432 armatae
544 3377 682 3432 hominum
701 3385 742 3432 est
759 3394 890 3446 praesens
907 3378 1019 3432 hortata
1039 3384 1172 3434 cateruas.

164 3517 356 3581 ¹nuuiquam
386 3499 461 3579 quid
493 3497 543 3562 hie
574 3496 766 3562 Rhamnusia
803 3499 893 3578 uirgo
923 3497 984 3562 sihi
1015 3499 1091 3562 uelit
1122 3505 1225 3562 mente
1253 3517 1322 3580 per-

191 3611 286 3692 spexi,
334 3628 405 3674 nuni
430 3615 464 3673 tu
488 3626 633 3689 umquam
655 3607 801 3672 Nemesin
824 3608 914 3672 deam
941 3608 1101 3673 hominum
1123 3608 1251 3690 proeliis
1276 3609 1323 3670 in-

191 3719 336 3786 terfuisse
358 3720 442 3800 apud
470 3719 566 3783 ullum
591 3718 788 3800 antiquitatis
811 3725 971 3784 auctorem
995 3719 1122 3800 legisti?
1145 3719 1231 3799 pacis
1255 3738 1323 3783 eam

191 3829 287 3895 fuisse
310 3830 554 3896 amantissimam
578 3835 624 3909 et,
657 3848 725 3895 eum
749 3830 886 3894 extincto
906 3825 1032 3894 Saturni
1057 3847 1152 3910 regno
1177 3829 1258 3894 bella
1281 3829 1323 3892 ri-

250 4111 275 4180 *t
295 4111 414 4168 breuiter
431 4113 503 4166 addo
516 4127 559 4164 me
577 4111 640 4166 olim
657 4109 806 4164 coniecisse
823 4127 849 4164 u.
860 4112 912 4162 280
930 4111 1002 4163 ‘nam
1018 4124 1202 4177 quoscumque
1217 4111 1323 4162 Pherae

194 4205 301 4273 campis,
321 4219 389 4272 quos
408 4204 540 4260 Thessala
556 4205 671 4272 maguis'
691 4209 718 4258 et
736 4221 762 4258 u.
776 4204 829 4258 296
847 4205 937 4271 ‘quam
958 4201 1095 4270 quondam
1113 4204 1215 4270 tripiici
1233 4204 1325 4258 restri-

194 4301 251 4354 ctus
270 4297 392 4354 membra
411 4299 523 4354 catena'.
