3142 4922
724 389 837 448 ·64

247 554 388 635 legamus
419 571 510 634 ergo:
544 552 663 634 ‘quidni
695 554 798 618 animo
832 554 969 620 offirmas
1002 562 1097 638 atque
1120 557 1213 622 istinc
1241 562 1306 624 tete
1336 577 1385 622 re·

248 664 355 729 ducis’.

339 773 455 839 LXVII
479 778 589 854 hsqq.:

422 916 547 985 eripuisti
565 916 673 970 heuheu
691 921 802 972 nostrae
823 917 932 973 crudele
949 934 1082 974 uenenum

477 1010 559 1078 uitae,
577 1009 686 1064 heuheu
704 1018 815 1065 nonnae
833 1012 919 1080 pestis
938 1012 1080 1068 amicitiae.

248 1160 305 1224 pro
330 1140 473 1206 ‘heuheu’
497 1159 590 1206 uersu
613 1143 719 1221 priore
745 1140 774 1203 G
804 1141 852 1205 ‘he
880 1141 961 1223 hcu'‚
988 1124 1129 1222 0'‘heu’‚
1159 1163 1251 1209 uersu
1282 1146 1383 1212 altero

248 1251 381 1318 O‘heu'
404 1252 565 1334 praebent.
610 1249 705 1316 ualde
738 1257 842 1316 antem
873 1253 981 1317 dubito
1012 1272 1085 1318 nnm
1114 1253 1215 1319 forma
1240 1254 1382 1320 ‘heuheu’

247 1364 377 1444 antiqua
399 1365 455 1444 sit3
487 1362 525 1428 cf.
549 1361 786 1444 Peerlkampius
813 1363 852 1428 ad
883 1363 958 1428 Hor.
982 1364 1032 1428 od.
1060 1363 1075 1428 I
1101 1370 1149 1443 15,
1174 1369 1202 1429 9.
1248 1371 1383 1447 utroque

246 1492 339 1538 uersu
361 1475 437 1555 ipsis
460 1473 618 1539 codicibus
642 1472 772 1537 ducibus
796 1473 893 1538 ‘eheu'
916 1475 1145 1539 restituendum
1169 1482 1224 1540 est.

333 1583 521 1648 LXXXXVI
533 1607 540 1648 :

386 1734 415 1788 Si
434 1734 577 1802 quicquam
596 1734 693 1786 muteis
710 1739 817 1801 gratum
835 1742 1011 1803 acceptumue
1026 1737 1160 1805 sepulcris

454 1828 577 1884 accidere
597 1841 614 1882 a
632 1834 734 1895 nostro,
753 1825 844 1895 Calue,
864 1828 958 1884 dolore
975 1836 1074 1900 potest,

381 1938 436 1991 quo
456 1921 594 1976 desiderio
613 1926 720 1978 ueteres
738 1935 900 1976 renouamns
918 1937 1032 1977 amores.

243 2081 306 2127 non
328 2079 398 2125 esse
421 2059 552 2124 latinum
574 2060 652 2124 illud
677 2060 705 2123 ‘a
725 2065 832 2124 nostro
856 2059 962 2124 dolore
985 2077 1046 2141 quo
1059 2060 1237 2146 desiderioj,
1259 2064 1378 2136 dudum

244 2172 400 2238 intellexit
429 2169 587 2234 Guarinus
613 2169 839 2250 proposuitque
877 2173 980 2250 ‘quom
1010 2170 1085 2234 des’
1123 2170 1225 2236 lenius
1254 2175 1381 2240 uidetur

200 2268 203 2272 ⁴
248 2283 382 2362 uestigio
404 2280 475 2345 libri
502 2278 540 2359 0,
573 2281 626 2360 qui
648 2297 705 2361 pro
730 2278 811 2359 ‘quo'
833 2280 931 2343 tradit
953 2280 1042 2360 ‘que'‚
1073 2281 1118 2344 ita
1141 2283 1188 2344 uti
1212 2287 1247 2346 nt
1266 2284 1378 2348 redda-

244 2399 296 2457 tur
321 2396 434 2475 poetae
461 2389 541 2472 ‘quei
566 2389 721 2454 desiderio
743 2393 867 2454 ueteres
883 2407 1070 2455 renouamus
1093 2393 1233 2458 amores'.
1333 2423 1337 2432 .

332 2501 417 2568 GXI:

484 2627 620 2696 Aufilena‚
639 2627 700 2682 uiro
719 2633 874 2683 contentam
891 2627 985 2683 uiuere
1004 2628 1073 2695 solo,

553 2726 699 2790 nuptarum
716 2721 776 2776 laus
795 2737 809 2776 e
827 2721 954 2776 laudibus
973 2721 1087 2776 eximiis.

247 2855 293 2917 ita
314 2853 475 2934 rescripsit
498 2852 636 2934 Scaliger
662 2870 720 2935 pro
750 2869 786 2916 eo
809 2852 892 2934 quod
920 2852 952 2917 in
991 2849 1023 2914 V
1041 2851 1192 2918 traditum
1222 2857 1270 2916 est
1300 2852 1377 2918 ‘laus

247 2963 314 3029 est’.
360 2981 454 3043 aegre
476 2967 581 3027 autern
613 2962 643 3026 iu
674 2961 732 3042 hac
762 2962 977 3027 enuntiatione
1001 2963 1067 3029 ‘est'
1090 2964 1202 3029 uocula
1223 2981 1373 3028 caremus.

242 3074 416 3139 mutatione
447 3071 513 3138 ferc
544 3071 628 3136 nulla
657 3070 788 3135 restitue
812 3074 988 3153 ‘nuptarum
1017 3072 1085 3138 laus
1116 3079 1163 3139 est
1192 3073 1377 3138 laudibuse·

243 3203 361 3248 armata.

330 3310 429 3377 CXII:

348 3437 452 3492 Multus
469 3437 549 3493 homo
571 3451 609 3506 es,
628 3435 713 3506 Naso,
732 3452 821 3505 neque
837 3443 927 3491 tecum
944 3435 1044 3491 multus
1062 3407 1171 3491 homost
1189 3436 1242 3504 qui-

420 3528 574 3585 descendit:
592 3529 676 3600 Naso,
694 3530 794 3585 multus
812 3546 841 3585 es
861 3537 887 3586 et
904 3531 1041 3599 pathicus.

243 3663 320 3729 Cum
335 3681 398 3728 non
414 3668 508 3726 nueat
524 3660 644 3725 animus
660 3661 691 3725 in
708 3661 801 3726 huius
816 3661 941 3728 distichi
954 3659 1097 3726 sordibus
1114 3660 1232 3725 diutius
1249 3662 1374 3740 morari,

242 3774 398 3856 adponam
422 3772 499 3837 illud
522 3773 737 3837 emendatum:
770 3772 913 3836 ‘mundus
940 3770 1032 3836 homo
1064 3789 1113 3851 es,
1145 3771 1244 3854 Naso,
1275 3789 1376 3852 neque

243 3891 346 3948 tecum
377 3884 510 3947 mundus
537 3881 658 3946 homost
688 3883 741 3962 qui
772 3887 804 3946 te
836 3882 966 3946 scindit:
996 3881 1097 3963 Naso,
1129 3883 1262 3947 mundus
1292 3887 1377 3946 eset

243 3993 413 4078 pathicusi’
435 4029 478 4040 -
502 3997 543 4058 ‘te
565 3992 688 4058 scindit'
716 3992 856 4073 Hauptio
887 3991 993 4057 debeo.

329 4101 447 4171 CXIII:
