3142 4922
353 617 356 624 !
423 571 474 624 per
491 557 589 623 peetus
608 559 702 610 munet
718 555 821 610 subltur
838 557 927 626 polide
946 555 1012 610 milri
1031 557 1125 611 sudor:

477 649 517 702 sie
535 649 644 718 tacitus,
663 649 777 704 subidus
797 649 860 703 dum
877 649 975 718 pudeo,
993 664 1086 718 pereo.
1114 653 1116 662 “

260 795 353 842 uersu
378 779 460 842 enim
483 778 583 843 alteru
605 779 688 860 quod
710 778 854 860 plerique
875 778 985 858 legunt
1009 779 1117 844 ‘uerba
1138 779 1234 844 labris
1255 780 1393 862 abeund,

258 887 288 952 id
310 887 403 969 plane
425 887 562 955 alienum
583 892 631 954 est
661 889 701 953 ab
724 889 852 953 Aeditui
874 895 994 969 mente,
1020 907 1089 956 eum
1111 889 1155 954 nil
1177 890 1238 954 ulsi
1262 891 1394 972 ‘loquor'

257 995 429 1078 sigulfieet3
454 998 492 1063 ef.
517 997 658 1064 Catullus
681 997 797 1082 [LXIII
815 998 869 1082 74]
894 1001 1003 1064 ‘roseis
1024 1007 1061 1064 ut
1080 999 1154 1064 huic
1165 998 1289 1065 labellis
1309 1001 1395 1066 suni-

256 1113 307 1172 tus
330 1109 410 1175 eitus
429 1109 527 1173 abiit’.
573 1110 727 1173 Aedituus
745 1127 822 1174 uero
838 1127 914 1191 prae
929 1109 1049 1190 pudore
1072 1127 1105 1174 se
1118 1109 1203 1190 loqui
1219 1129 1278 1174 non
1301 1129 1395 1191 posse

258 1219 369 1283 innuit.
415 1220 522 1302 itaque
544 1238 601 1301 pro
627 1219 762 1284 ‘abeunt'
775 1220 1002 1284 restituendum
1020 1225 1089 1284 erat
1106 1220 1252 1286 ‘obeunt'.
1298 1239 1393 1286 uersu

257 1330 352 1394 tertio
383 1331 466 1410 quod
494 1330 585 1395 codd.
623 1331 777 1413 praebent
809 1334 925 1396 ‘manat
960 1329 1071 1395 subido
1105 1330 1191 1396 mibi’
1223 1337 1393 1414 utcumque

256 1440 403 1522 supplere
423 1442 549 1522 studui;
573 1441 683 1506 ultimo
698 1441 832 1521 denique
849 1442 958 1522 recepi.
969 1441 1173 1506 certissimam
1197 1442 1235 1506 ll.
1257 1441 1392 1508 Useneri

258 1549 349 1632 [mus.
373 1550 471 1614 Rben.
494 1550 568 1614 XIX
590 1570 620 1633 p.
647 1551 721 1635 151]
746 1546 995 1617 emendationem
1026 1552 1109 1615 ‘dum
1132 1552 1261 1634 pudeo’:
1292 1553 1391 1618 tredi-

256 1665 323 1726 tum
347 1666 395 1726 est
418 1661 596 1742 ‘duplide0'.
1069 1703 1072 1708 ·

344 1771 418 1836 ibid.
446 1775 578 1852 136sq.:

475 1914 540 1952 rara
557 1898 727 1953 uerecundae
745 1897 820 1952 furta
838 1897 954 1953 feremus
971 1913 1045 1969 erne,

419 2007 453 2046 ne
471 1991 582 2046 niqum
600 1993 682 2046 simus
702 1991 845 2046 stultorum
862 2007 938 2047 more
955 1993 1074 2048 molesti.

261 2106 340 2188 quis,
364 2105 396 2168 di
417 2105 509 2184 boni,
532 2123 678 2185 umquem
701 2104 796 2169 fendo
819 2106 870 2170 uel
892 2106 1026 2187 legendo
1049 2107 1174 2171 audiuit
1197 2107 1310 2172 stultos
1333 2107 1391 2172 hu-

255 2216 355 2280 mines
384 2214 467 2280 hunc
497 2215 613 2279 babere
644 2233 777 2293 murem,
811 2214 935 2280 lemInis
966 2234 1035 2282 esse
1057 2217 1229 2282 molestus?
1258 2219 1391 2299 quodsi

254 2325 424 2407 aliquunde
447 2325 644 2390 uerissimum
666 2331 727 2404 est,
759 2343 832 2388 num
855 2326 926 2390 ideo
950 2326 1023 2392 licet
1044 2327 1102 2392 hoe
1124 2333 1283 2409 tamquam
1306 2347 1390 2393 enm-

254 2455 377 2502 munem
409 2437 546 2501 omniurn
585 2436 752 2500 stultorum
790 2454 907 2501 morem
946 2437 1132 2514 designare?
1168 2456 1229 2528 non
1263 2439 1391 2520 scripsit

253 2547 360 2613 berele
390 2545 532 2612 Catullus
562 2552 627 2611 tem
657 2547 781 2629 inepte,
819 2548 874 2612 sed
901 2548 989 2613 dedit
1019 2548 1101 2628 qnod
1135 2549 1204 2612 uita
1231 2550 1398 2616 cotidiene

254 2659 489 2742 eumprobuuit:
523 2660 571 2724 ‘ne
600 2639 732 2723 nimium'
758 2659 854 2722 simus
882 2662 1021 2723 tutorum
1052 2676 1138 2724 mure
1161 2659 1304 2725 molesti'.
1350 2662 1390 2726 de

253 2770 410 2835 tutoribus
434 2788 602 2851 eurumque
624 2770 792 2850 supercilio
816 2769 920 2834 omnia
943 2774 1026 2833 note.

339 2881 415 2945 ibid.
439 2901 470 2945 u.
495 2885 629 2963 158qu

417 2991 509 3058 etqui
527 2990 662 3060 principio
681 2991 761 3045 nobis
779 2995 882 3043 terrem
900 2975 974 3043 dedit
992 2987 1088 3057 aufert

473 3100 490 3138 a
509 3099 564 3152 quo
582 3089 646 3138 sunt
663 3077 752 3153 pri'mo
770 3083 860 3137 omnia
878 3087 944 3136 nete
960 3081 1040 3136 bona.

255 3214 352 3279 uerba
376 3215 407 3278 in
430 3219 497 3279 toto
521 3211 636 3277 Catulli
664 3211 745 3277 libro
769 3212 1004 3295 corruptissima
1033 3213 1122 3276 uario
1153 3213 1244 3278 modo
1274 3232 1387 3279 sanare

254 3324 444 3390 studuerunt
474 3323 558 3388 docti
589 3342 625 3388 eo
656 3341 799 3390 successu
830 3329 866 3388 ut
897 3324 958 3388 duo
986 3323 1111 3404 quidem
1142 3323 1221 3388 uitia
1250 3315 1386 3408 egregie,

255 3435 457 3502 correxerint.
502 3451 574 3498 narn
605 3440 637 3498 et
667 3434 801 3516 Heysius
831 3435 863 3498 in
897 3435 950 3499 illo
981 3433 1104 3498 ‘aufert'
1132 3453 1244 3499 nomen
1267 3435 1386 3502 ‘Anser'

254 3548 354 3612 lutere
377 3546 557 3611 felicissirne
582 3544 738 3610 intellexit
765 3551 798 3610 et
820 3545 977 3628 Hauptius
1006 3547 1038 3610 in
1066 3562 1159 3610 uersu
1181 3547 1301 3611 miuore
1325 3547 1386 3612 ‘mi'

252 3662 326 3722 ante
349 3657 451 3721 ‘omni'
472 3656 638 3720 inserendo
662 3656 778 3737 optime
801 3656 957 3722 consuluit
980 3666 1011 3720 et
1032 3660 1132 3720 metro
1156 3662 1188 3720 et
1202 3656 1386 3725 sententiae.

252 3768 348 3833 tertie
370 3772 475 3830 autern
498 3766 590 3830 huius
606 3766 730 3832 distIehi
743 3768 864 3831 macula
886 3767 988 3832 adhue
1010 3767 1162 3832 medicum
1185 3766 1303 3831 frustra
1327 3767 1386 3830 eir-

254 3878 435 3959 cumspexit.
481 3894 551 3940 num
575 3878 657 3958 quod
679 3896 736 3958 pru
762 3879 887 3942 ‘terrem
908 3878 1005 3943 dedit'
1030 3879 1208 3961 nuperrime
1228 3878 1261 3942 L.
1284 3876 1385 3942 Muel-

251 3990 336 4054 lerus
360 3987 638 4052 Mitscherlichium
661 3994 785 4054 secutus
815 3988 903 4054 dedit
934 3991 975 4054 ‘te
1005 3989 1155 4067 tradidit,
1182 3989 1215 4054 id
1237 3989 1386 4069 grauissi-

252 4118 333 4164 mam
365 4099 404 4164 ob
438 4117 562 4163 causam
591 4100 801 4164 reiectaneum
833 4106 889 4166 est.
934 4119 1006 4165 nam
1036 4119 1106 4165 eum
1140 4099 1284 4164 tradendi
1315 4117 1385 4165 uer-
