3142 4922
728 394 769 452 63

181 565 254 633 bum
278 561 329 626 hic
357 579 417 626 non
444 561 593 625 admittat
608 556 669 624 nisi
687 558 925 625 commendandi
940 557 1207 639 significationem,
1222 557 1316 640 plane

182 691 330 756 peruerse
361 671 486 735 Catullo
517 671 619 735 Allius
649 669 721 735 olim
751 669 984 735 commendatus
1007 687 1074 734 esse
1098 669 1222 747 dicitur,
1247 687 1315 732 cum

181 801 262 865 quae
283 787 432 847 secuntur
455 781 552 845 uerba
577 783 605 844 ‘a
636 798 697 861 quo
720 784 793 843 sunt
814 780 915 860 primo
937 781 979 843 mi
1002 781 1106 844 omnia
1129 784 1204 844 nata
1223 779 1315 844 bona'

181 895 370 959 sententiam
405 892 499 974 plane
530 891 719 956 contrariam
754 890 961 971 expostulent.
1015 891 1121 969 itaque
1150 895 1316 970 praeterea

183 993 381 1069 scribendum
413 1007 482 1066 erat
511 1001 610 1066 ‘uobis
639 1018 689 1064 me
716 999 868 1063 tradidit’.
914 1017 976 1080 qua
1003 1017 1037 1064 re
1057 999 1097 1063 de
1119 1001 1316 1066 coniecturae

183 1116 267 1179 illius
302 1113 525 1196 probabilitate
555 1111 686 1176 multum
717 1109 902 1174 detrahitur.
943 1109 1019 1173 mihi
1054 1111 1137 1175 omni
1176 1114 1316 1191 tempore

184 1229 288 1306 poeta,
313 1242 382 1288 oum
399 1241 479 1304 quae
501 1223 532 1287 in
553 1239 646 1287 uersu
660 1226 855 1301 pentametro
875 1221 1023 1301 leguntur
1045 1221 1315 1301 uerbascribemt,

188 1335 226 1399 de
252 1353 314 1398 una
343 1333 457 1398 Lesbio
487 1333 640 1414 cogitasse
672 1335 719 1397 est
749 1333 843 1396 uisus.
888 1331 965 1412 quid
998 1333 1079 1396 enirn
1103 1334 1201 1414 magis
1224 1333 1317 1397 huius

187 1445 306 1526 elegiae
325 1442 378 1508 fini
403 1445 549 1508 conuenit
575 1461 668 1525 quam
698 1441 862 1506 aOatullo
888 1442 982 1506 etiam
1009 1443 1091 1523 eius,
1120 1461 1224 1524 aquo
1244 1431 1317 1507 olim

183 1556 216 1619 in
246 1554 378 1618 Lesbiae
416 1556 540 1618 domum
576 1553 687 1617 duetus
717 1558 801 1630 erat,
840 1554 1163 1618 commemorationem
1192 1552 1318 1618 bonori-

187 1661 277 1728 ficam
300 1661 394 1728 fieri?
418 1665 470 1745 qui
493 1666 518 1729 si
541 1682 576 1727 re
598 1682 690 1741 uera,
722 1670 757 1727 ut
779 1663 913 1744 Heysius
936 1664 1085 1743 coniecit,
1115 1665 1215 1728 Anser
1246 1662 1316 1744 fuit,

186 1774 262 1855 quid
287 1775 399 1839 mirum
422 1780 469 1838 est
491 1774 574 1856 quod
596 1779 690 1855 poeta
712 1780 836 1855 poetam
860 1775 900 1838 ad
918 1772 1059 1839 Clodiam
1081 1776 1158 1838 artis
1177 1773 1318 1854 poeticae

185 1885 445 1972 studiosissimam
477 1903 620 1966 quaeque
653 1884 785 1948 fortasse
815 1884 898 1949 illius
939 1884 1092 1966 discipula
1128 1891 1196 1951 erat
1227 1886 1319 1950 duce-

184 1995 264 2059 bat?
287 1993 326 2058 ab
350 1995 409 2060 hac
431 2001 535 2060 autem
558 1996 747 2076 pentametri
776 2012 885 2058 uersus
913 1993 1173 2075 interpretatione
1195 1994 1318 2078 profici-

184 2106 348 2170 scendum*
366 2112 413 2169 est
443 2107 482 2169 ad
513 2124 623 2170 uersus
645 2106 759 2188 prioris
789 2105 1046 2168 emendationem.
1091 2105 1123 2168 in
1154 2124 1215 2186 quo
1246 2108 1319 2171 talis

180 2215 279 2281 debet
316 2216 415 2279 latere
458 2217 630 2280 sententia:
672 2217 725 2296 qui
760 2215 848 2280 nobis
884 2215 1019 2296 puellam
1054 2221 1189 2279 amatam
1221 2216 1316 2282 dedit.
1363 2273 1365 2277 ,

179 2325 351 2408 genuinam
375 2325 501 2390 distichi
524 2325 655 2390 lormanr
677 2331 824 2407 putamus
846 2326 943 2390 luisse
966 2325 1060 2390 banc:
1086 2329 1126 2390 ‘et
1156 2327 1209 2407 qui
1233 2328 1319 2408 prin-

132 2453 137 2459 ’
178 2437 265 2518 cipio
287 2435 378 2500 nobis
398 2434 528 2500 taedam
552 2435 639 2500 dedit
661 2436 777 2514 Anser,
810 2454 912 2516 aquo
934 2441 1007 2500 sunt
1027 2437 1127 2516 primo
1150 2437 1193 2500 mi
1215 2437 1319 2501 omnia
1379 2477 1381 2480 -

180 2551 260 2612 nata
282 2546 382 2610 bona'.
428 2547 474 2610 ita
497 2547 578 2611 enim
596 2545 709 2612 taedae
727 2545 879 2610 uocabulo
899 2545 1081 2627 Propertius
1098 2547 1221 2628 quoqne
1244 2565 1319 2612 usus

178 2663 230 2722 est
248 2655 276 2739 [I
294 2661 322 2732 8,
341 2656 414 2741 21]:
440 2660 522 2721 ‘narn
536 2675 662 2721 menon
678 2656 762 2721 ullae
776 2662 925 2737 poterunt
940 2674 1138 2737 corrumpere
1154 2657 1316 2740 taedae'*).

270 2789 401 2855 LXXVI
425 2779 538 2872 llsq.:¹

355 2942 469 3009 quintu
486 2942 575 2996 animo
595 2941 716 2998 offirmas
733 2952 815 3012 atque
833 2943 919 2998 istinc
934 2953 1017 3012 teque
1034 2944 1144 3000 reducis

428 3045 454 3090 et
471 3035 513 3090 dis
531 3036 624 3092 inuitis
644 3035 748 3093 desinis
768 3053 828 3092 esse
846 3037 946 3093 miser?

183 3196 327 3261 lectionis
357 3199 496 3262 uarietas
528 3201 559 3262 in
589 3198 621 3261 V
638 3201 715 3266 haec
745 3208 810 3265 est:
844 3201 907 3280 ‘qui
939 3200 986 3264 tui
1008 3199 1077 3282 (tu'
1102 3199 1148 3283 D)
1181 3197 1319 3264 offirmas

184 3305 356 3388 (affirmas
387 3307 455 3390 ΒΥ.
501 3309 614 3374 deiude
641 3310 671 3373 0
695 3309 931 3391 ‘instincteque',
967 3309 996 3372 G
1025 3295 1253 3390 ‘instinctoque’
1276 3309 1321 3374 le-

183 3423 271 3497 gunt.
317 3437 377 3484 non
400 3420 480 3484 latet
501 3421 587 3485 alind
610 3422 642 3486 in
668 3422 789 3504 ‘quitui’
816 3439 909 3502 quarn
935 3420 1055 3501 ‘quitni’
1080 3420 1111 3484 id
1142 3424 1188 3486 est
1220 3420 1319 3501 ‘quid-

185 3528 238 3590 ui’.
284 3547 323 3594 ex
346 3531 574 3611 ‘instincteque'
605 3538 710 3596 autern
741 3550 930 3613 quamquam
957 3533 1043 3596 recte
1073 3530 1182 3595 ‘istinc’
1206 3531 1319 3596 elicue-

185 3644 271 3717 runt,
305 3646 409 3704 tamen
444 3641 476 3704 in
501 3641 612 3722 ‘teque'
643 3642 754 3724 copulo
782 3661 831 3706 me
858 3641 984 3723 quidem
1006 3641 1108 3705 iudice
1137 3641 1321 3706 nonhabet

186 3746 293 3813 locum.
341 3757 389 3814 est
411 3758 516 3817 autem
543 3753 655 3833 ‘teque’
679 3757 860 3834 corruptum
884 3771 922 3816 ex
953 3751 1052 3831 ‘tere’‚
1085 3751 1117 3815 id
1142 3759 1197 3833 est,
1225 3752 1318 3816 ‘tetel

188 3925 413 3942 h·-···——-·—-—----.

254 4031 278 4096 *l
298 4045 320 4083 c.
338 4029 465 4084 LXXId
489 4031 662 4086 scribendum
689 4048 750 4088 ease
772 4032 920 4088 ‘mirificaet
943 4048 1032 4102 poena
1056 4039 1151 4088 nactus
1176 4036 1319 4099 utrumqne

190 4118 291 4174 malum’
310 4123 390 4178 docui
408 4124 438 4178 in
455 4123 589 4179 Fleckeis.
608 4127 697 4180 annal.
717 4129 783 4182 1872
801 4143 828 4195 p.
847 4127 924 4179 846.’
