3142 4922
786 463 826 526 70

235 633 295 701 hoc
317 634 400 700 enim
422 633 525 716 ipsum
548 633 592 698 ‘ut
614 631 755 714 pereant'
778 649 839 697 non
855 629 960 698 hercle
983 632 1070 711 eguit
1087 631 1195 698 addito
1219 632 1254 696 ‘si
1270 631 1376 700 dicere

235 742 283 812 ias
306 742 372 808 est’.
418 743 473 809 sed
504 742 536 807 id
568 743 650 824 quod
685 743 752 824 ipse
785 747 895 808 auctor
931 741 1084 826 perdendi
1122 741 1227 806 extitit
1262 761 1374 810 suasor

234 856 339 940 potuit
359 854 474 937 aliquis
498 869 560 918 non
585 852 653 918 siue
675 851 807 920 horrore
830 850 926 917 111111.
973 851 1080 932 itaque
1102 850 1301 917 scribendum
1325 857 1374 919 cst

235 959 322 1048 ‘haee
343 957 431 1024 dedit
452 966 488 1026 ut
511 967 642 1043 pereant
664 963 742 1044 ipso,
770 963 797 1028 si
819 961 924 1028 dicere
947 959 996 1026 las
1020 959 1093 1041 est’3
1118 958 1156 1025 cf.
1181 959 1374 1030 Claudianus
1404 1004 1409 1012 -

193 1087 194 1094 ¹
235 1067 287 1156 [de
306 1068 389 1136 laud.
414 1069 482 1138 Stil.
506 1071 538 1136 ll
557 1070 634 1156 256]
658 1070 718 1137 ‘hic
735 1057 996 1154 quoque'uicinis
1017 1075 1200 1153 pereuntem
1215 1073 1374 1153 gentibus*

235 1183 267 1244 11
289 1177 428 1262 Sulpicia
451 1180 495 1266 [u.
519 1180 575 1266 60]
599 1182 765 1265 ‘quondam
789 1182 863 1247 dum
893 1181 989 1264 Lydis
1012 1179 1142 1264 Smyrna
1164 1180 1307 1264 peribat'.
1330 1220 1374 1231 —-

234 1307 264 1353 1.
291 1294 416 1356 19-22
440 1292 486 1357 ita
508 1292 608 1357 tradit
632 1290 676 1355 P:

336 1421 444 1480 auferat
460 1439 516 1480 una
533 1423 609 1494 dtis
629 1423 803 1493 cruciataque
819 1423 941 1493 pectilia
958 1422 1063 1478 trustra

337 1513 364 1570 id
384 1517 500 1572 cinerem
520 1517 593 1571 ierat
611 1532 661 1571 ora
680 1531 781 1572 nocens
799 1515 822 1570 si
840 1517 934 1584 unguo
949 1516 1063 1585 loquuta
1080 1520 1121 1570 est
1185 1575 1186 1580 1

335 1607 429 1664 nescio
449 1609 514 1678 quid
532 1608 655 1678 fugiente
673 1611 762 1664 anima
779 1625 834 1663 uon
852 1615 949 1678 sponte
968 1609 1086 1665 etaltie.

172 1787 175 1804 ,
234 1725 352 1792 omittit
373 1727 471 1810 igitur
497 1727 643 1796 Puerba
667 1733 706 1794 19
740 1730 957 1812 ‘supremaque
978 1729 1075 1794 uerba
1097 1728 1238 1810 parentis
1263 1765 1302 1775 -
1328 1733 1367 1792 21

235 1837 297 1902 iam
319 1843 420 1903 morte
443 1839 542 1922 piger’
566 1843 598 1904 et
612 1839 724 1906 horum
748 1839 879 1904 duorum
903 1857 1049 1905 uersuum
1072 1839 1138 1918 loco
1161 1856 1256 1904 unum
1279 1855 1372 1920 prae-

234 1948 288 2013 bet
311 1967 446 2032 eumque
467 1967 619 2016 mancum.
665 1967 768 2032 neque
797 1950 878 2014 enim
909 1949 964 2014 illa
988 1947 1030 2014 ‘id
1052 1950 1187 2014 cinerem
1210 1949 1293 2014 lerut
1315 1967 1372 2014 ora

233 2059 356 2124 nocens'
381 2061 515 2126 cumeis
539 2077 620 2143 quae
644 2060 838 2143 praecedunt
862 2059 1072 2141 ‘cruciataque
1094 2065 1222 2142 pectora
1243 2058 1362 2126 frustra

233 2169 293 2255 (111
315 2171 397 2234 euim
419 2170 593 2253 supplenda
607 2171 756 2236 uidentur
773 2188 856 2251 quae
879 2188 959 2236 nuuc
981 2170 1043 2252 legi
1065 2188 1124 2235 nou
1139 2170 1282 2253 possunt)
1306 2171 1370 2236 ullo

232 2279 325 2345 modo
348 2279 525 2344 cohaerent.
572 2285 682 2345 extant
705 2285 812 2346 autem
841 2279 939 2344 uerba
966 2280 1007 2344 ‘id
1030 2280 1165 2346 cinerem
1188 2280 1293 2346 ferunt
1315 2299 1371 2346 ora

232 2389 355 2456 nocens’
385 2389 480 2472 paulo
511 2389 727 2455 emendatiora
758 2390 790 2453 in
822 2388 942 2456 Bloco
968 2390 1062 2472 plane
1078 2385 1155 2455 'alio
1187 2409 1216 2454 1.
1241 2395 1291 2472 28,
1316 2393 1370 2473 qui

1363 2060 1372 2088 9

233 2499 319 2566 locus
339 2499 370 2564 iu
399 2497 543 2565 Pdeest.
589 2504 698 2566 contra
729 2499 827 2566 uerba
857 2501 1067 2581 ‘cruciataque
1089 2506 1217 2583 pectora
1238 2499 1369 2566 frustra’

232 2589 263 2673 in
289 2607 320 2672 Β
341 2608 570 2676 desiderantur.
616 2610 760 2692 equidem
792 2615 828 2674 ut
851 2611 963 2674 mirum
985 2610 1072 2674 illum
1095 2611 1127 2675 11
1150 2610 1292 2692 utrisque
1316 2630 1366 2677 co-

234 2717 355 2783 dicibus
375 2719 531 2786 defectum
554 2725 622 2785 arte
649 2738 687 2786 ac
714 2722 837 2786 ratione
861 2721 1025 2802 explicem,
1055 2721 1095 2785 ad
1119 2721 1248 2812 eandem
1272 2741 1366 2805 quam

234 2829 296 2892 iam
324 2847 420 2912 supra
451 2830 580 2897 adhibui
608 2831 901 2913 interpretationem
934 2830 1095 2914 coniugio,
1130 2850 1241 2913 nempe
1269 2831 1366 2898 fuisse

135 2956 137 2965 ·
231 2955 356 3002 uersum
379 2939 467 3004 illum
498 2941 708 3022 ‘cruciataque
737 2946 865 3022 pectora
889 2941 1008 3007 frustra
1031 2992 1133 3006 .....
1138 2942 1145 2970 ’
1169 2943 1200 3006 11
1223 2945 1365 3026 margine

232 3048 384 3112 additum.
429 3051 572 3131 peccauit
602 3055 706 3114 autem
730 3051 891 3134 archetypi
922 3052 1069 3117 librarius
1100 3071 1136 3118 eo
1159 3055 1259 3135 quod,
1291 3055 1363 3120 dum

232 3157 365 3237 margini
379 3157 554 3241 adscripsit,
577 3160 674 3223 oculis
695 3160 735 3226 ad
758 3161 902 3225 carminis
925 3167 1103 3228 contextum
1129 3162 1277 3228 aberrans
1302 3165 1364 3230 illis

233 3269 322 3333 ‘cruc
354 3272 434 3348 pect.
466 3267 515 3332 fr.’
551 3269 644 3351 plane
676 3269 778 3335 aliena
808 3270 988 3336 admiscuit:
1024 3274 1159 3354 genuina
1190 3274 1285 3355 igitur
1308 3295 1364 3340 au-

230 3378 325 3442 ctoris
348 3378 445 3443 uerba
457 3385 539 3460 'post
562 3379 653 3445 ‘crue
670 3386 750 3463 pect.
765 3381 813 3446 fr‘
834 3383 966 3459 periisse
980 3384 1181 3450 statuendum
1198 3390 1254 3448 est.
1300 3405 1361 3450 uon

230 3488 324 3552 aliam
347 3494 452 3554 autem
482 3489 520 3554 oh
553 3507 677 3555 causam
706 3492 803 3558 umba
825 3493 881 3558 illa
910 3493 941 3556 in
965 3492 1134 3576 archetypo
1156 3502 1230 3561 sunt
1252 3497 1362 3562 addita

230 3615 323 3679 quam
348 3598 431 3679 quod
453 3599 573 3664 librarii
590 3602 725 3682 quadam
749 3604 947 3684 neglegentia
961 3605 1111 3686 primitus
1124 3605 1238 3670 omissa
1261 3612 1359 3672 crant.

229 3708 292 3772 iam
315 3709 342 3772 si
359 3709 538 3790 quaerimus
553 3728 646 3793 quem
670 3712 700 3776 in
725 3715 862 3778 carmine
875 3724 982 3778 nostro
998 3714 1098 3780 locum
1118 3714 1177 3779 sibi
1200 3717 1360 3782 1111111111

228 3818 291 3899 illa,
316 3817 395 3882 bene
417 3825 565 3902 recteque
587 3827 659 3904 post
677 3824 776 3888 uerba
800 3824 835 3888 ‘si
858 3822 940 3889 forte
956 3842 1134 3905 supremum
1155 3828 1275 3892 errauit
1298 3829 1359 3893 iam

228 3932 328 3992 morte
350 3929 448 4010 piger’
478 3931 573 3996 inseri
596 3933 761 3998 uidentur:
789 3953 859 3999 nam
891 3935 974 4015 quod
1004 3935 1036 4000 iu
1059 3934 1192 4017 Uergilii
1214 3938 1358 4003 morituri

227 4038 363 4120 imagine
385 4039 466 4106 iusto
497 4039 616 4106 diutius
639 4049 846 4108 commoratus
866 4050 928 4124 est,
961 4063 1022 4108 non
1046 4062 1140 4126 aegre
1164 4044 1301 4112 feremus
1325 4049 1356 4114 in

227 4151 321 4230 poeta
342 4150 437 4231 paulo
459 4150 647 4231 loquaciora.
