3142 4922
797 375 838 486 u

353 608 379 662 a,
398 591 486 646 scelus
504 591 656 660 indignum!
675 591 794 646 soluetur
811 591 904 648 littera
923 590 1023 646 diues?

354 699 422 752 haec
439 695 570 765 poterunt
587 699 712 761 spectare
731 694 803 748 oculi
821 709 872 760 nep
891 699 988 762 porcet
1006 694 1082 749 hiatu

353 797 461 854 flamma
478 797 523 866 pio
541 802 673 864 tantoque
693 797 770 865 operi
789 798 911 853 seruobit
931 799 1084 855 honorem?

353 902 468 972 pulcher
484 899 586 970 Apollo
602 901 678 955 uetat
695 901 793 956 Musae
811 901 955 970 prohibete
974 903 1104 958 Latinae!

356 1005 440 1060 Liber
459 1008 487 1059 et
504 1004 575 1060 alma
592 1005 674 1060 Ceres
693 1005 858 1060 succurrite!
878 1011 971 1060 uester
988 1005 1017 1060 in
1035 1005 1109 1061 aruis

354 1107 431 1162 miles
449 1113 516 1176 erat,
533 1115 625 1162 uester
643 1107 739 1162 docilis
758 1121 808 1176 per
826 1123 892 1162 rura
909 1108 1031 1164 colonus.

355 1226 419 1266 nam
437 1209 531 1264 docuit
550 1209 616 1278 quid
634 1225 683 1264 uer
702 1216 804 1279 ageret,
825 1210 890 1279 quid
909 1217 1020 1278 cogeret
1039 1218 1140 1284 aestas,

357 1312 423 1382 quid
440 1318 519 1381 pater
537 1317 689 1381 autumnus,
711 1313 777 1380 quid
795 1313 892 1368 bruma
909 1313 1059 1370 nouissima
1076 1313 1170 1370 ferrat.

354 1429 466 1471 munera
483 1415 588 1470 telluris
606 1415 699 1486 largae
718 1417 824 1472 ratione
840 1415 967 1472 nouauit:

355 1518 454 1574 arbuta
472 1516 607 1589 formant,
625 1519 741 1574 sociauit
758 1519 860 1574 uitibus
880 1519 976 1587 ulmos,

356 1621 461 1676 curauit
481 1620 609 1691 pecudes,
627 1621 726 1692 apibus
740 1635 790 1676 sua
808 1629 898 1678 castra
914 1622 1024 1680 locauit.

355 1723 430 1778 illum
447 1724 537 1793 ipsum
555 1723 666 1779 Aenean
683 1725 817 1780 nescisset
834 1725 921 1782 Roma
937 1725 1074 1796 perennis,

356 1827 437 1881 docta
453 1825 586 1882 Maroneo
606 1834 716 1883 caneret
732 1827 786 1882 nisi
803 1828 905 1898 pagina
922 1828 1019 1884 uersi:

354 1931 422 1985 haec
440 1929 513 1986 dedit
530 1937 560 1985 nt
576 1937 692 1999 pereant
709 1931 778 2000 ipso,
796 1930 820 1985 si
838 1930 929 1986 dicere
948 1930 992 1987 fas
1010 1932 1073 1987 esti

356 2033 412 2088 ‘sed
429 2033 518 2102 legum
538 2042 580 2088 est
598 2033 734 2090 seruanda
752 2031 833 2088 fides:
853 2049 980 2104 suprema
997 2035 1123 2091 uoluntas

357 2152 439 2204 quom
455 2135 567 2190 mandat
584 2135 698 2205 fierique
715 2137 800 2206 iubet,
820 2153 918 2206 parere
934 2139 1092 2194 necessest’.

355 2246 496 2309 rumpatur
514 2239 606 2309 potius
624 2238 715 2308 legum
731 2237 885 2295 reuerenda
901 2245 1027 2308 potestas

356 2358 438 2412 quarn
454 2349 496 2398 tot
514 2347 659 2410 congestos
678 2342 820 2412 noctisque
840 2343 935 2411 dieque
953 2344 1063 2398 labores
1127 2365 1129 2370 ·

354 2444 461 2501 auferat
478 2460 533 2501 una
550 2444 608 2499 dies
627 2460 808 2516 supremaque
826 2448 914 2503 uerba
931 2445 1054 2515 parentis

356 2552 481 2605 amittant
499 2548 628 2618 uigilasse
646 2563 732 2603 suum.
769 2551 791 2603 si
810 2548 882 2604 forte
902 2549 1036 2618 prementi

356 2651 459 2709 errauit
475 2653 531 2708 iam
547 2656 635 2706 morte
652 2651 731 2720 piget·
749 2652 925 2721 cruciataque
944 2649 1048 2707 frustra

251 2900 389 2956 Aeneidos
405 2900 490 2970 Uerg]
508 2901 527 2968 11
546 2917 603 2954 cnm
623 2901 721 2953 lincoln
740 2901 907 2969 transuerso)
933 2913 1054 2953 cremare
1080 2898 1167 2952 uetuit
1184 2899 1215 2966 P,
1235 2897 1304 2952 Item
1329 2875 1386 2966 epi-

252 3008 374 3062 gramma
391 3001 415 3047 o.
452 2994 553 3049 cesaris
571 2994 600 3046 in
621 2991 825 3048 confirmatione
843 2991 988 3046 eorundem
1005 2992 1137 3048 librorum
1159 2991 1185 3044 U
1200 2991 1359 3044 inscribant.

321 3088 391 3140 Bin
417 3089 452 3140 B:
478 3084 512 3140 ad
530 3087 553 3138 P
572 3084 585 3153 11
607 3086 709 3139 4aP:
736 3090 765 3138 at
791 3086 829 3139 B:
849 3085 851 3151 ζ
872 3084 1011 3152 indignum
1031 3087 1064 3138 P:
1088 3086 1140 3139 hoc
1166 3083 1278 3152 dignum
1294 3063 1320 3137 Β
1337 3083 1388 3152 115

251 3181 321 3235 haec
338 3181 450 3246 scripsi:
467 3177 525 3233 Nec
542 3180 565 3231 P
583 3180 649 3233 etB
669 3178 672 3246 1
693 3177 782 3247 οοιι11;
799 3179 892 3231 malim
912 3176 967 3233 foci
990 3179 992 3245 1
1013 3183 1108 3248 parcet
1125 3177 1202 3232 hiatu
1218 3179 1257 3230 P:
1275 3191 1389 3246 parcere

253 3271 349 3326 honori
376 3273 406 3323 ΒΙ
419 3271 430 3340 11
451 3271 531 3341 6pio
550 3273 587 3325 P:
607 3287 656 3325 suo
674 3273 697 3324 B
718 3271 719 3340 1
738 3276 869 3339 tantoque
887 3287 912 3324 o.
932 3286 953 3325 s.
971 3271 1102 3349 honorem
1122 3273 1233 3340 scripsi:
1255 3276 1388 3342 tantoque

253 3381 276 3418 o.
297 3365 417 3419 seruauit
435 3364 540 3420 honore
558 3366 581 3417 P
600 3364 763 3434 ductumque
782 3381 807 3418 o.
828 3365 950 3418 seruauit
973 3379 1090 3417 amorem
1114 3365 1137 3417 B
1159 3364 1170 3432 1
1190 3367 1207 3418 8
1225 3357 1299 3418 aruis
1317 3368 1387 3419 scri·

251 3457 309 3524 psi:
344 3456 427 3511 armis
450 3457 529 3524 ΒΡῖ
554 3464 646 3512 uester
680 3457 777 3512 docilis
797 3459 833 3512 B:
860 3456 957 3512 docilis
982 3457 1108 3511 etiamP
1139 3459 1141 3524 1
1173 3461 1205 3510 12
1229 3460 1329 3511 omittit
1357 3460 1387 3511 B.

252 3548 328 3616 largo
347 3553 373 3601 ei
392 3549 506 3605 nouabit
527 3547 556 3617 P,
575 3553 683 3603 corrasi
704 3551 714 3618 1
737 3552 769 3604 14
787 3550 889 3604 locauit
906 3552 944 3603 P:
970 3549 1071 3603 dicauit
1089 3552 1111 3602 B
1132 3549 1143 3617 1γ
1165 3551 1198 3604 15
1216 3557 1242 3602 et
1258 3552 1289 3604 lii
1310 3553 1388 3604 omit·

252 3643 326 3695 tiiB
348 3643 350 3710 1
371 3643 500 3696 nescisset
517 3659 594 3698 roma
610 3648 747 3711 perennis
771 3645 793 3696 P
823 3645 946 3713 (litterae
973 3644 1120 3697 inclinatae
1149 3645 1219 3696 iectu
1240 3647 1305 3696 sont
1333 3644 1388 3710 dif-

252 3734 405 3804 ficiiiimoc)
425 3735 435 3805 11
458 3738 490 3787 17
508 3738 537 3788 in
557 3735 913 3805 Ponte16poaiinscst;
941 3738 1036 3790 traieci
1056 3735 1059 3804 1
1080 3736 1142 3804 ipso
1166 3737 1279 3802 scripsi:
1301 3734 1389 3803 ipsum

252 3827 305 3880 BP
326 3827 336 3895 11
360 3829 392 3880 18
419 3826 487 3882 fides
512 3835 539 3883 et
566 3843 639 3897 supr.
665 3830 688 3881 Β
712 3844 859 3899 supprema
883 3831 906 3882 P
926 3829 938 3897 1
961 3829 993 3882 19
1021 3843 1102 3898 quom
1125 3832 1236 3898 scripsi:
1266 3830 1390 3897 quo'BP

254 3969 327 4037 quod
344 3971 426 4038 culpo
447 3971 449 4038 1
470 3920 615 4040 {cerat-ique
640 3972 715 4026 iubet
737 3987 836 4040 parare
849 3973 877 4026 P
898 3973 901 4041 1
923 3986 1035 4027 necesse
1066 3979 1107 4028 est
1124 3973 1178 4024 BP
1200 3971 1211 4040 11
1231 3974 1389 4040 aorumpa·

252 4068 297 4120 tur
316 4065 348 4118 P:
366 4063 508 4132 frangatur
525 4065 549 4117 Β
568 4067 580 4134 11
600 4068 632 4118 21
652 4071 694 4120 tot
713 4071 855 4133 congestos
867 4069 963 4134 orrico:
983 4071 1024 4120 tot
1039 4073 1186 4133 congestas
1204 4067 1327 4121 Btotum
1344 4081 1389 4133 ge·

252 4165 308 4212 atos
327 4158 350 4210 P
370 4181 373 4225 1
394 4157 539 4224 noctisque
568 4159 601 4213 P:
630 4164 779 4227 noctesque
797 4159 819 4210 Β
839 4158 841 4226 1
863 4159 960 4226 dieque
978 4161 1090 4226 scripsi:
1116 4157 1228 4226 diesque
1247 4160 1302 4212 ΒΡ
1322 4159 1390 4228 1122

254 4247 409 4305 auferatP:
426 4248 558 4306 hauserat
566 4252 596 4304 B.
607 4260 610 4318 1
622 4251 639 4305 d
649 4251 658 4318 11
664 4250 667 4289 i
677 4267 690 4306 s
701 4251 724 4304 P
734 4251 738 4318 1
748 4251 830 4306 nerto
846 4246 1027 4320 supremaque
1037 4253 1113 4306 *24
1122 4252 1202 4320 piger
1216 4252 1302 4308 om.P
1321 4251 1337 4322 11
1356 4253 1390 4306 BB
