3142 4922
325 711 402 757 estne
420 701 498 754 nouis
517 699 610 766 nuptis
630 697 822 755 odioUeuusl
841 715 911 755 anne
931 705 1075 768 parentum

391 794 557 848 frustrantur
575 791 651 846 falsis
673 792 771 860 gaudia
788 793 945 861 lacrimulis,

326 888 444 942 ubertim
461 885 573 940 thalami
593 900 660 952 quas
679 885 753 938 intra
770 885 862 940 limina
880 885 1020 940 fundunt?

390 997 452 1050 non,
469 981 508 1034 ita
524 994 567 1033 me
585 979 649 1046 diui,
668 993 735 1032 ucra
754 984 872 1048 gemunt,
891 979 1000 1034 inerint.

171 1110 249 1176 haec
273 1110 370 1175 uerba
394 1127 499 1174 omncs
526 1108 628 1190 quoad
660 1107 751 1171 uideo
785 1109 885 1172 critici
912 1107 975 1172 leui
998 1108 1079 1191 pede
1102 1109 1305 1174 transierunt.
1343 1195 1345 1200 Δ

171 1239 243 1286 nam
266 1221 349 1302 quod
368 1219 501 1302 Heysius
523 1235 580 1300 pro
605 1217 712 1284 ‘falsis'
733 1219 894 1302 rescripsit
912 1217 1020 1283 ‘salsis'
1043 1220 1134 1284 nauci
1153 1225 1209 1299 est,
1235 1239 1304 1284 cum

171 1331 268 1396 ‘falsis
304 1329 483 1396 lacrinrulis’
514 1333 546 1392 et
578 1333 661 1393 ‘uera
698 1329 835 1409 gemunt’
863 1335 972 1410 aperte
1002 1329 1062 1394 sibi
1093 1336 1300 1413 opponantur.

170 1441 247 1506 illud
271 1446 376 1505 autem
402 1439 586 1522 ‘parentum’
620 1439 694 1520 quid
726 1440 785 1504 sibi
810 1440 887 1506 uelit
909 1439 1074 1504 nemodum
1098 1442 1305 1522 interpretum
1406 1433 1410 1437 ’

1 1565 2 1588 ¹
108 1635 110 1640 Ι
169 1552 323 1635 exposuit,
348 1551 408 1616 nisi
431 1551 515 1632 quod
538 1567 618 1614 uuus
643 1547 780 1630 Scaliger
802 1550 911 1615 attulit
934 1549 1140 1630 fragmentum
1159 1549 1305 1617 Callima-

171 1663 279 1728 cheum
304 1661 380 1744 [118
403 1661 488 1743 apud
513 1659 549 1726 Ο.
573 1657 829 1743 Schneidcrum]:

530 1802 548 1872 ἡ
568 1805 632 1862 παῖς
649 1797 667 1868 ἡ
686 1801 886 1862 κατάκλειστος

532 1897 584 1963 τὴν
603 1895 633 1948 οἵ
649 1911 721 1964 φασι
739 1896 867 1955 τέκοντες

419 2010 424 2021 r
532 1990 661 2048 εὐναίους
680 1984 835 2058 ὀαρισμούς

531 2083 626 2150 dxtera
647 2079 709 2136 ἶσον
729 2082 848 2152 ὀλέθρῳ.

175 2219 257 2300 quod
282 2219 490 2300 fragmentum
514 2226 549 2286 ut
572 2222 611 2286 ad
636 2215 806 2302 πλόκαμον
827 2226 1002 2306 Βερονίκης
1018 2223 1304 2304 minimapertioet,

171 2331 217 2394 ita
239 2349 297 2396 uec
320 2329 443 2396 Catullo
466 2331 667 2396 obuersatum
691 2349 758 2396 csse
793 2349 904 2396 uersus
934 2337 1056 2398 nostros
1086 2333 1236 2398 scribenti
1259 2333 1306 2396 ul-

169 2447 218 2504 tro
242 2442 383 2523 apparet.
429 2459 499 2506 narn
530 2443 622 2507 unica
656 2442 828 2506 similitudo
858 2443 1025 2508 intercedit
1057 2461 1094 2507 ea
1116 2444 1198 2524 quod
1221 2445 1304 2526 apud

169 2549 393 2617 Callimachum
411 2554 565 2631 τέκονιες,
590 2552 674 2634 apud
691 2550 848 2616 Catullum
873 2553 1057 2632 ‘parentum’
1081 2553 1222 2633 legimus,
1247 2553 1305 2619 hor

174 2773 263 2836 domo
287 2764 452 2855 parentum
474 2773 584 2839 cedere
611 2772 732 2854 puellas
760 2772 799 2836 ad
822 2774 895 2836 noui
918 2771 1022 2836 mariti
1046 2773 1169 2836 domum
1192 2773 1305 2836 transi-

171 2888 267 2962 turas,
292 2901 393 2964 neque
415 2901 470 2948 cur
491 2883 616 2964 ‘gaudia
637 2883 812 2965 parentum’
834 2901 890 2965 pro
916 2882 1081 2965 ‘parentes’
1105 2884 1146 2946 sit
1169 2884 1305 2962 positum

175 3012 275 3074 neque
297 2995 453 3075 quomodo
481 2993 605 3076 puellae
631 2993 841 3082 frustrentur
870 2993 1006 3058 lacrimis
1035 3001 1181 3074 parentes
1204 3011 1305 3074 neque

170 3122 246 3169 uero
270 3104 346 3184 quid
370 3105 409 3168 ad
440 3109 587 3187 parentes
616 3106 763 3170 lacrimae
789 3105 876 3168 r'rrtra
906 3103 1043 3168 thalami
1073 3103 1184 3168 tr'mr'nn
1214 3104 1303 3169 fusae

168 3216 347 3295 pertincant
368 3215 525 3296 intellego.
569 3214 640 3280 talis
661 3233 753 3295 quam
779 3214 869 3278 modo
892 3215 1041 3296 supposui
1058 3217 1214 3280 sententia
1230 3234 1306 3296 quo·

169 3343 239 3388 nam
263 3325 355 3389 modo
377 3327 459 3390 iuste
482 3325 675 3407 exprimatur
696 3326 764 3406 ipse
787 3332 818 3389 te
841 3325 965 3390 docebit
982 3323 1124 3390 Catullus
1146 3325 1210 3408 [62,
1228 3325 1302 3410 21];

172 3436 235 3516 ‘qui
259 3440 365 3500 natam
388 3435 488 3517 possis
511 3435 673 3516 complexu
705 3434 841 3500 auellere
869 3435 998 3499 matris’.
1044 3440 1223 3517 corruptam
1245 3437 1304 3516 igi·

170 3551 222 3610 tur
245 3564 354 3611 censeo
378 3565 485 3612 trocem
512 3546 705 3628 parentum.
751 3565 843 3626 quant
873 3552 907 3611 ut
930 3545 1090 3627 paulisper
1113 3547 1303 3627 omittamus,

170 3656 292 3739 reliqua
322 3659 439 3738 optime
476 3658 658 3739 procedunt.
712 3659 772 3722 iam
810 3657 890 3721 enirn
928 3655 1061 3736 ‘gaudia’
1092 3656 1303 3737 intellegenda

168 3774 242 3832 sunt
266 3767 410 3834 Uenerea
433 3769 609 3849 diciturque
634 3767 788 3831 ‘frustrari
812 3767 936 3848 gaudia’
966 3767 1074 3831 codem
1098 3768 1191 3849 plane
1212 3769 1304 3832 modo

168 3897 230 3960 quo
252 3878 388 3944 ‘differre
411 3878 535 3958 gaudia’
558 3879 641 3959 apud
666 3877 813 3944 Ouidium
830 3877 916 3961 [met.
940 3883 967 3958 6,
994 3878 1069 3962 514]
1093 3883 1124 3943 et
1140 3879 1171 3942 in
1195 3879 1305 3943 inscri-

167 3990 276 4069 ptione
307 3989 498 4072 Pompeiana
527 3989 623 4072 [1837
653 3987 822 4072 Zaugem.].
868 3995 1068 4070 expectamus
1103 3994 1207 4054 autem
1238 3989 1305 4056 fero
1413 4069 1415 4076 y

168 4099 307 4164 additam
331 4118 398 4166 esse
423 4087 564 4177 oausam,
595 4117 658 4180 qua
679 4117 761 4164 noua
785 4105 883 4182 nupta
905 4098 1031 4164 differat
1053 4101 1177 4181 gaudia.
1223 4117 1304 4180 quae

165 4189 307 4275 morandi
329 4228 422 4276 causa
444 4209 603 4292 perfacilis
626 4215 673 4276 est
695 4216 869 4293 perspectu.
914 4211 1016 4291 legas:
