3142 4922
705 485 829 550 ·ll

242 661 289 720 tet
320 655 373 736 qui
409 655 538 720 absente
569 650 623 719 ill'o
663 654 795 720 Lesbiae
828 655 887 721 sibi
927 655 1100 721 conciliarit
1134 675 1281 722 amorem.
1327 659 1376 722 eni

242 767 441 830 coniecturae
470 783 559 855 mese
587 766 713 844 egregie
742 765 830 830 lauet
855 767 1034 831 obseruatio
1064 766 1173 830 altera.
1227 774 1261 832 ut
1292 768 1377 832 enim

242 893 349 940 omnes
371 875 511 940 homines
541 893 597 957 per
624 877 751 958 aliquod
781 884 903 960 tempus
933 883 1019 941 certa
1050 876 1202 941 uocabula
1234 883 1377 941 certasue

241 985 414 1050 loeutiuues
436 1001 514 1068 prae
536 984 607 1051 aliis
629 985 779 1052 habemus
799 989 831 1051 in
854 987 983 1064 deliciis,
1008 1003 1079 1050 mox
1100 985 1250 1051 obicimus
1273 988 1378 1050 nouis-

242 1081 303 1175 que
324 1095 426 1160 locum
448 1095 574 1176 damus,
606 1096 652 1160 ita
682 1095 839 1162 Catullum
870 1113 993 1178 quoque
1021 1113 1078 1178 per
1098 1101 1217 1160 certum
1240 1095 1377 1175 aliquem

241 1205 390 1287 lampone
411 1210 546 1271 tractum
563 1205 707 1271 uidemus
728 1209 821 1272 certis
845 1208 950 1296 uerbis
967 1224 1057 1270 usum
1079 1207 1111 1270 in
1132 1206 1240 1286 eisque
1261 1206 1376 1270 iterum

163 1327 169 1345 ’
243 1316 420 1395 iterumque
440 1315 620 1396 repetendis
649 1317 817 1380 admodum
847 1316 1035 1381 delectatum
1059 1333 1136 1380 esse.
1181 1315 1253 1380 binc
1276 1314 1374 1394 nobie,

243 1427 296 1506 qui
313 1441 436 1490 carmen
453 1423 598 1490 LXXVII
613 1443 673 1489 non
689 1426 788 1491 multo
802 1432 942 1508 tempore
964 1433 1037 1508 post
1053 1424 1200 1490 LllVIIIl
1223 1425 1374 1506 scriptum

243 1553 312 1602 esse
334 1537 493 1616 sumimus,
517 1553 555 1600 eo
577 1535 726 1617 quodibi
748 1553 872 1618 quoque
894 1551 924 1602 u.
944 1539 1004 1602 158
1024 1535 1130 1602 uerbis
1154 1534 1268 1600 ‘omnia
1283 1533 1375 1599 bonn’

242 1645 358 1712 Lesbia
379 1643 574 1728 significatur
598 1655 661 1710 non
693 1663 804 1727 parum
834 1647 955 1711 aceedit
984 1645 1103 1710 anxilii.
1127 1681 1167 1692 --
1189 1643 1249 1710 hoc
1270 1651 1375 1710 autem

244 1755 361 1822 Catulli
384 1757 417 1820 in
440 1756 571 1821 aemulis
601 1773 679 1838 quos
706 1756 826 1837 postea·¹
838 1756 1013 1838 complures
1041 1760 1110 1821 erat
1132 1756 1297 1822 habiturus
1319 1757 1377 1821 im-

244 1867 422 1948 pugnandis
445 1877 579 1948 apparet
601 1865 768 1932 artificium
789 1871 825 1930 nt
847 1884 900 1931 eos
931 1865 982 1932 uel
1015 1864 1054 1930 ob
1085 1868 1225 1948 oorpuriS
1247 1868 1376 1932 mendas

241 1977 390 2042 ridiculos
412 1976 560 2044 redderet
581 1976 632 2042 uel
654 1977 696 2042 ob
716 1994 837 2041 morum
854 1977 1045 2059 prauitatem
1060 1976 1251 2070 contemptui
1274 1976 1375 2041 daret.

241 2090 331 2152 tanto
356 2086 439 2151 enim
460 2087 600 2152 mulleris
623 2086 807 2169 deperditae
837 2103 943 2150 amore
974 2087 1117 2152 incensus
1139 2091 1208 2152 erat
1231 2091 1266 2151 ut
1286 2105 1375 2154 num-

242 2213 338 2276 quam
359 2195 497 2262 abiceret
518 2214 605 2278 spem
637 2196 704 2262 fore
735 2201 769 2260 ut
799 2196 840 2260 ad
866 2194 979 2260 bonam
1011 2195 1066 2260 illa
1095 2196 1215 2262 rediret
1241 2195 1374 2277 frugem.

242 2305 329 2370 cuius
353 2301 478 2372 artificii
499 2299 654 2388 specimen
671 2304 819 2371 exhibent
836 2305 974 2372 carmina
989 2304 1098 2386 LXIX,
1123 2322 1185 2386 quo
1206 2305 1288 2370 Rufo
1310 2305 1374 2370 hir·

242 2433 297 2484 cus
312 2416 414 2481 facete
430 2415 645 2497 exprobratur,
671 2423 704 2481 et
720 2415 847 2496 LVIIII,
869 2433 930 2496 quo
954 2433 1023 2480 cum
1037 2414 1289 2496 despectissimae
1304 2433 1376 2481 con·

243 2527 374 2593 dicionis
396 2527 528 2592 muliere
548 2543 615 2591 rem
637 2525 753 2592 hebere
776 2524 974 2590 insimulatur
998 2525 1108 2590 idem.¹
1142 2599 1144 2608 ,
1223 2567 1225 2574 ·

329 2635 476 2702 Ceterum
498 2643 534 2702 nt
554 2637 691 2703 carmine
713 2635 805 2717 VIII,
836 2637 882 2700 ita
904 2633 1023 2701 LVIIII
1052 2640 1087 2701 et
1106 2635 1206 2702 LXIX
1226 2641 1321 2720 poeta
1342 2638 1386 2725 id

243 2748 326 2830 quod
348 2748 450 2813 uoluit
472 2753 656 2813 consecutus
678 2752 742 2812 est:
777 2763 850 2812 nam
879 2745 994 2810 Lesbia
1016 2744 1098 2810 Rufo
1121 2748 1214 2812 misso
1236 2746 1319 2812 ultro
1343 2749 1374 2811 in

242 2859 378 2940 gratiam
401 2875 471 2924 cnm
493 2857 547 2923 illo
569 2858 684 2938 rediit;
705 2857 743 2923 ef.
765 2875 790 2925 c
814 2855 914 2922 CVII:
1021 2893 1022 2900 κ

398 3034 423 3090 si
441 3035 505 3104 quoi
522 3033 587 3101 quid
605 3033 705 3103 cupido
723 3033 883 3104 optantique
900 3033 1001 3102 obtigit
1017 3047 1138 3099 unquam

465 3127 633 3196 insperanti,
651 3127 704 3183 hoc
721 3133 764 3184 est
782 3133 889 3197 gratum
910 3126 999 3182 animo
1018 3125 1140 3195 proprie.

398 3234 483 3288 quare
501 3219 554 3274 hoc
572 3224 614 3274 est
634 3224 748 3290 gratum,
769 3219 865 3291 quouIs
884 3235 992 3289 qnoque
1012 3221 1101 3275 carius
1120 3234 1195 3287 auro,

468 3313 541 3384 quod
559 3318 587 3369 te
607 3313 739 3381 restituis,
757 3313 865 3380 Lesbia,
883 3313 920 3368 mi
938 3312 1045 3382 cupido.

397 3407 520 3464 restituis
539 3405 640 3477 onpidn
657 3412 741 3476 etque
757 3405 918 3475 insperanti,
936 3405 1000 3475 ipsa
1015 3405 1104 3462 refers
1122 3410 1150 3460 te

467 3500 555 3570 nobis,
575 3517 591 3556 u
609 3501 698 3555 lucem
715 3497 875 3554 candidiore
891 3499 971 3554 noted

397 3593 458 3662 quis
476 3608 519 3648 me
538 3609 593 3648 uno
611 3591 681 3648 uiuit
699 3591 808 3647 felicior
825 3598 873 3648 eut
889 3590 976 3659 magis
994 3592 1046 3646 hae
1060 3605 1110 3646 ,res

466 3685 601 3756 optandas
618 3686 676 3744 uite
695 3685 785 3741 dicere
803 3700 872 3754 quas
891 3683 1016 3754 poterit?

243 3851 326 3932 quod
356 3867 479 3916 carmen
508 3851 626 3940 gaudio
654 3849 787 3915 Lesbiae
816 3849 877 3931 sibi
899 3849 1066 3913 restitutae
1095 3847 1214 3912 recenti
1251 3850 1376 3928 poetam
1402 3879 1407 3888 κ

241 3960 404 4041 scripsisse
425 3949 528 4042 patet
567 3959 663 4041 poulo
692 3959 777 4024 enim
805 3961 877 4040 post
907 3975 969 4022 uon
1002 3959 1069 4023 sine
1099 3957 1213 4022 acerba
1240 3955 1375 4037 quadam

151 4065 170 4174 Ἰ
243 4069 327 4134 illius
349 4067 501 4150 perfidiae
523 4071 674 4135 memoria
701 4074 736 4133 nt
755 4067 905 4148 persistat
935 4068 967 4133 in
988 4066 1051 4132 fide
1070 4069 1219 4134 admonet
1240 4065 1376 4148 puellam

147 4236 151 4244 Ι
243 4179 380 4246 carmine
402 4178 481 4245 cix.
563 4207 567 4216 ’
