3142 4922
819 471 858 530 38

468 639 756 758 123‘i1f'1ir‘emrfr'iui'
783 691 828 756 G:
855 688 1037 757 ‘inmemnri’
1063 689 1145 754 OD.

371 893 387 926 a
469 859 530 920 178
555 803 751 938 ‘piiqffine’
774 852 820 917 G:
844 851 1030 919 ‘idoneosne’
1058 849 1118 916 (ld
1134 851 1354 918 ‘idmonensna’
1376 854 1412 918 d.

369 1070 385 1103 „
466 1020 528 1084 219
551 963 664 1098 ‘illusum’
688 1013 733 1079 G:
758 1013 827 1080 ‘eui’
850 1010 936 1078 ΒΟ.

550 1125 580 1166 nl.
594 1122 638 1166 tint

368 1232 385 1265 „
466 1184 528 1254 276
556 1176 641 1243 ‘tam'
670 1173 716 1239 G:
742 1174 865 1241 ‘tamen’
892 1171 956 1238 Od
977 1172 1057 1238 ‘tibi’
1080 1172 1112 1238 d.

556 1287 585 1329 nl.
600 1283 695 1332 deuotus

370 1379 385 1411 a
464 1343 527 1406 283
560 1335 697 1404 ‘eurulis’
730 1333 806 1400 Gd:
839 1335 971 1402 ‘annulis’
1012 1333 1042 1398 0
1074 1336 1209 1401 ‘eurulis’
1245 1336 1268 1400 d
1298 1337 1411 1402 ‘mml-

498 1449 547 1516 lis'
570 1448 602 1514 d.
1094 1440 1097 1445 ’

369 1648 384 1681 a
462 1614 524 1677 285
549 1557 676 1693 ‘pssnies’
702 1604 747 1670 G:
772 1605 898 1689 ‘penies'
925 1604 986 1670 Od
1009 1608 1138 1690 ‘penius’
1161 1608 1193 1673 d.

561 1720 590 1761 al.
604 1716 726 1759 nonnurlun

369 1810 385 1842 a
465 1776 527 1838 288
552 1767 736 1838 ‘Nonaeuos'
771 1765 817 1832 G:
841 1770 912 1833 ‘non
935 1769 1055 1834 accuos’
1090 1767 1121 1833 0
1151 1772 1222 1836 ‘nnn
1254 1771 1406 1837 aeuos’d

500 1885 572 1948 ‘non
596 1878 706 1946 acrios’
732 1878 783 1944 uel
805 1877 921 1944 similia
942 1878 973 1943 d.

575 1989 604 2032 ul·
619 1991 690 2040 gratis

371 2082 388 2114 a
469 2048 533 2110 298
555 2043 722 2124 gnatisque
745 2041 791 2106 G:
817 2040 1002 2122 ‘gnatisque’
1026 2039 1104 2104 dn
1126 2041 1304 2124 (‘natisque’
1325 2041 1370 2125 d).

369 2243 384 2274 η
464 2208 524 2270 aar
555 2151 638 2267 ddi
659 2200 704 2266 a:
730 2201 796 2267 ‘nis’
822 2199 905 2266 nn.

311 2365 328 2404 ’¹‘
370 2401 386 2433 „
465 2367 527 2429 324
549 2315 671 2431 ’iffi’
697 2363 772 2428 Gd:
799 2362 920 2428 ‘tutum‘
946 2361 1008 2426 Od
1029 2363 1189 2428 ‘tutamen’
1214 2363 1246 2428 d.

312 2524 421 2592 *LXV
444 2531 462 2590 7
488 2474 606 2610 ‘inywriiffi
633 2525 679 2590 G:
705 2523 817 2590 ‘Traia’
840 2523 969 2608 (Troya)
996 2523 1035 2588 D.
1058 2525 1098 2590 de
1122 2523 1155 2590 0
1174 2524 1253 2590 mihi
1275 2524 1400 2607 quidem
1527 2501 1532 2530 ”

1521 2573 1529 2656 l

499 2655 562 2703 non
584 2637 678 2720 plane
700 2636 808 2718 liquet.

313 2796 437 2864 *nxvn
460 2803 498 2863 21
516 2747 585 2864 “ii’‘
601 2797 646 2862 a:
672 2797 723 2864 ‘a’
746 2793 808 2861 oa
829 2796 881 2862 ‘at’
907 2795 948 2860 n.

310 2957 327 2996 *
372 3009 388 3041 „
461 2962 502 3023 24
527 2908 629 3023 ‘tffi
652 2956 698 3022 G:
723 2957 815 3025 ‘tune’
840 2943 1022 3023 Od’nune’
1048 2957 1088 3021 D.

313 3118 330 3156 *
377 3169 392 3202 „
462 3123 502 3184 35
527 3067 601 3185 ‘Eleas'
626 3117 672 3183 G:
699 3118 773 3183 ‘sed'
798 3115 829 3181 0
852 3118 897 3184 ‘si'
919 3116 962 3180 D.

227 3265 232 3272 .
539 3227 643 3270 mutuom

313 3278 330 3316 ’¹‘
375 3315 392 3348 n
461 3284 503 3346 54
523 3279 665 3347 ‘asineos’
692 3278 738 3343 G:
765 3279 925 3345 ‘arsinoes’
951 3277 1013 3345 Od
1037 3281 1176 3348 ‘asiueos'
1200 3281 1231 3346 d.

376 3490 392 3522 „
462 3446 502 3506 55
528 3387 635 3522 ‘ilsrffi’
662 3439 706 3506 G:
732 3439 839 3523 ‘isque’
865 3439 947 3505 OD.

311 3600 328 3638 *
374 3637 389 3670 a
460 3607 499 3668 56
523 3550 670 3670 ‘effigiati'
710 3601 756 3666 G:
783 3600 933 3669 ‘collocat’
960 3600 1021 3667 Od
1045 3602 1192 3668 ‘aduolat’
1218 3601 1260 3665 D.

352 3824 388 3889 In
409 3827 455 3890 eis
478 3830 582 3892 autem
604 3845 685 3909 quae
715 3828 777 3892 iam
797 3832 943 3892 secuntur
973 3827 1161 3894 carminibus
1190 3827 1294 3892 nullae
1318 3846 1401 3892 com-

267 3941 379 4018 parent
403 3935 541 4019 duplices
565 3936 721 4002 leutioues.
767 3937 829 4002 iam
859 3936 974 4018 triplex
1003 3939 1106 4004 uritur
1128 3939 1280 4019 quaestio.
1327 3956 1398 4004 uam

268 4063 337 4112 uum
360 4046 391 4111 in
419 4045 448 4110 G
471 4045 538 4111 fere
561 4046 627 4112 solo
651 4047 724 4113 illae
747 4045 893 4114 seruatae
914 4049 977 4112 sint
1001 4049 1161 4129 integrae,
1185 4049 1243 4114 hnc
1264 4050 1398 4129 primum
1473 4100 1475 4115 t

267 4156 502 4239 disquirendum
526 4163 573 4222 est
603 4175 677 4222 num
703 4157 733 4220 G
755 4177 793 4222 ex
823 4155 855 4220 V
870 4176 923 4223 eas
945 4159 1180 4242 transcripserit
1202 4178 1243 4224 an
1265 4159 1399 4242 seriptu-

267 4284 322 4331 rae
342 4268 527 4334 uarietatem
551 4287 589 4333 ex
611 4268 710 4334 altero
734 4268 850 4336 Catulli
874 4270 988 4351 codice,
1013 4273 1067 4352 qui
1097 4290 1121 4336 e.
1145 4269 1305 4336 I-·LXVI
1327 4291 1399 4338 cou-
