3142 4922
852 476 1027 536 32Χ

351 643 479 708 LXXVI
506 648 545 708 18
570 645 729 710 ‘extremo’
755 644 842 708 GD:
867 646 1028 710 ‘extremo'
1054 645 1085 708 D
1106 664 1214 728 praue.

350 752 480 818 LXXXI
504 754 552 818 ‘ab
575 754 659 820 sede'
685 754 774 819 GO:
798 757 826 817 ‘a
849 754 932 818 sede'
960 753 998 821 D.
1204 811 1206 816 .

349 861 405 928 011
430 869 444 927 l
472 863 521 928 ‘ab
543 865 683 946 antiquo’
710 866 796 929 GO:
823 865 873 929 ‘ab
896 866 1007 930 omico'
1034 865 1066 930 D
1087 872 1180 932 reete.

348 972 437 1038 OVl
465 974 636 1056 ‘pipileum'
664 975 750 1040 60:
772 974 944 1056 ‘pipieium'
968 974 1000 1039 D
1023 985 1115 1043 reete.

348 1083 455 1149 CVII
485 1085 571 1150 ‘esse’
599 1086 685 1150 GD:
711 1085 796 1166 ‘ipse’
822 1083 854 1148 D
876 1103 984 1166 praue.

349 1193 435 1260 OXII
459 1201 472 1258 1
499 1195 610 1260 ‘homo’
636 1196 723 1260 GD:
750 1194 925 1276 ‘homoque'
954 1196 984 1260 D
1007 1197 1101 1261 metri
1122 1214 1225 1263 causa.
1260 1249 1265 1257 .

348 1303 445 1372 CXIV
471 1310 490 1370 6
515 1305 649 1370 ‘saltum’
677 1306 763 1369 Do:
789 1306 920 1371 ‘saitem’
950 1306 980 1370 D
1001 1325 1108 1388 praue.

219 1405 223 1412 ⁴
306 1411 452 1481 uidemos
475 1417 574 1497 igitur
601 1417 693 1481 ineo
722 1415 795 1480 libri
826 1419 855 1482 G
876 1417 1071 1501 apographo,
1105 1418 1188 1482 unde
1213 1417 1245 1482 D
1266 1417 1440 1503 fluxerunt,

304 1531 341 1591 ut
362 1527 513 1592 nonnulla
543 1531 628 1591 reete
656 1532 811 1608 correcta,
848 1529 893 1593 ita
921 1529 1023 1593 muita
1049 1545 1148 1610 praue
1177 1530 1246 1594 siue
1278 1530 1441 1614 descripta

305 1637 374 1702 siue
396 1637 589 1719 interpolata
611 1654 688 1701 esse.
733 1643 874 1704 ceterum
898 1638 976 1705 iilud
1007 1657 1045 1703 ex
1081 1639 1345 1722 Gapogrophum
1367 1649 1439 1709 tum
1498 1665 1502 1674 ·

304 1747 422 1814 foetum
447 1754 510 1829 est,
541 1766 612 1814 eum
635 1747 685 1813 hir
707 1750 771 1814 iam
793 1756 1000 1816 correctorem
1028 1767 1138 1832 passus
1161 1756 1238 1815 erat.
1283 1770 1356 1818 nom
1379 1753 1440 1818 aii-

306 1859 453 1938 quotiens
473 1861 540 1925 eius
559 1861 664 1942 primo
678 1878 791 1926 monus
808 1881 879 1928 eum
899 1861 1107 1942 Oeensentit,
1130 1866 1163 1926 at
1185 1861 1277 1926 lectio
1295 1870 1437 1929 correcta

305 1968 337 2032 in
360 1968 395 2033 D
416 1975 543 2051 recepte
566 1975 630 2035 est:

346 2076 445 2143 LXIV
471 2084 510 2145 13
536 2080 687 2145 ‘crudeles
709 2073 840 2145 rirentes'
867 2081 899 2144 D
920 2099 961 2145 m.
984 2099 1031 2160 pr.
1058 2080 1104 2143 0:
1133 2079 1279 2145 ‘crudelis
1308 2083 1434 2148 mentis'

554 2189 693 2252 021).
1330 2169 1333 2176 ’
1522 2057 1532 2319 J

390 2331 407 2366 e
471 2302 529 2364 145
557 2298 709 2380 ‘adipisci'
737 2298 768 2361 G
790 2315 831 2362 m.
854 2315 901 2379 pr.
927 2299 972 2362 0:
998 2297 1115 2385 ‘apisci'
1142 2297 1209 2362 Gr
1234 2294 1276 2359 D.
1524 2348 1527 2392 1

390 2442 407 2476 e
467 2412 528 2473 249
554 2411 669 2473 ‘tamen
692 2407 905 2490 prospectans’
940 2407 1032 2470 Gm.
1058 2423 1104 2487 pr.
1131 2407 1176 2471 D:
1205 2407 1319 2470 ‘tamen
1342 2425 1433 2488 aspe-
1518 2447 1527 2550 ί

550 2519 647 2586 ctons’
673 2519 704 2583 G
728 2522 747 2582 2
774 2517 815 2582 D.
1501 2555 1525 2594 ,v

390 2664 406 2697 e
467 2632 528 2694 355
553 2628 750 2711 ‘prosternet'
777 2629 808 2693 G
829 2646 870 2692 m.
895 2647 941 2710 pr,
969 2629 1015 2692 0:
1047 2627 1266 2711 ‘prosternens’
1293 2625 1432 2691 621).
1525 2609 1529 2630 '

344 2737 460 2804 LXVII
480 2742 522 2803 44
545 2739 690 2821 ‘sperent’
717 2741 746 2804 0
769 2739 916 2822 ‘spererrt’
943 2739 982 2819 G,
1004 2739 1089 2804 unde
1114 2740 1238 2823 ‘speret’
1263 2740 1305 2802 D.
1524 2631 1531 2856 l

300 2854 466 2932 praetereo
487 2849 610 2933 aliquot
634 2850 708 2916 locis
724 2849 783 2914 hoe
807 2868 867 2914 usu
887 2851 984 2930 uenit,
1008 2852 1045 2913 ut
1070 2849 1100 2912 G
1123 2855 1153 2914 et
1179 2851 1263 2914 Oet
1286 2849 1320 2911 D
1340 2848 1434 2928 piene
1523 2845 1530 2898 ‘³

300 2959 386 3026 inter
408 2978 442 3024 se
463 2961 665 3026 dissentiant:

342 3069 446 3135 XXIX
469 3073 509 3134 14
532 3069 686 3136 ‘comeset’
713 3069 760 3134 D:
784 3065 956 3134 ‘comerset'
982 3069 1011 3131 0
1035 3067 1207 3134 ‘comesset'
1231 3069 1265 3130 D
1286 3071 1380 3134 reete.

345 3179 459 3245 LXVII
483 3183 521 3246 31
547 3183 617 3246 ‘non
639 3179 740 3245 solum
763 3178 822 3244 hoo
844 3178 919 3244 dicit
943 3176 986 3242 se’
1012 3180 1157 3244 Oreote:
1182 3179 1252 3244 ‘non
1275 3176 1378 3243 solum
1398 3195 1432 3242 se

531 3288 616 3355 dicit’
643 3290 763 3355 G‘non
786 3290 887 3354 solum
910 3307 944 3353 se
965 3287 1041 3353 dicit
1062 3287 1130 3354 hoo‘
1155 3291 1197 3353 D.
1277 3274 1279 3280 ’

345 3400 492 3466 LXXVII
515 3406 533 3464 9
565 3403 687 3465 ‘uerum
717 3401 748 3465 id
771 3400 843 3465 non’
870 3399 1021 3464 Oroete:
1045 3401 1248 3465 ‘uerum-non
1272 3398 1314 3463 id'
1340 3401 1369 3464 G
1391 3398 1433 3462 ‘id

512 3529 642 3601 ¹uerum
666 3511 737 3574 non’
763 3509 804 3574 D.
1526 3541 1529 3650 4

344 3621 459 3688 LXXII
478 3626 497 3687 2
519 3625 605 3705 ‘pree
626 3622 686 3688 me’
722 3624 754 3686 D
774 3626 860 3688 reete
880 3639 918 3686 ex
939 3621 1135 3686 coniectura:
1169 3618 1287 3702 ‘prime'
1314 3619 1432 3697 O‘per
1528 3659 1529 3669 t

549 3733 610 3798 me'
635 3733 672 3797 G.

302 3844 439 3926 denique
461 3863 523 3910 non
551 3845 667 3910 desunt
687 3844 756 3908 loeo
779 3841 893 3923 quibus
917 3840 1043 3906 Deum
1069 3839 1226 3904 Deontro
1251 3837 1282 3901 G
1304 3853 1432 3902 eonsen-

301 3955 404 4020 tiunt:
1524 3907 1528 4012 1

343 4065 401 4130 XV
426 4069 465 4130 16
489 4066 536 4130 ‘ut
557 4063 709 4131 nostrum’
737 4063 769 4126 D
785 4062 823 4128 d:
847 4065 893 4127 ‘ut
912 4060 1100 4126 nostrorum'
1127 4060 1206 4124 DD.

278 4173 282 4182 '
343 4175 446 4241 XXIV
463 4180 483 4239 9
499 4175 565 4242 ‘hee
582 4183 619 4240 tu
636 4174 798 4257 quolubet’
819 4174 866 4238 G:
892 4172 960 4239 ‘hoe
977 4179 1013 4236 tu
1030 4171 1222 4252 quamiuoer
1249 4173 1320 4236 OD
1337 4179 1430 4238 reete.
