3142 4922
776 469 816 529 10

400 663 469 716 quae
486 654 577 704 tamen
596 652 648 706 etsi
666 665 720 705 uno
738 665 793 706 non
811 658 860 706 esc
872 656 999 708 contenta
1017 651 1134 720 Catullo,

419 735 430 745 '
470 758 535 798 rara
555 745 727 800 uerecundae
747 743 822 800 furta
839 741 957 801 feremus
975 744 1066 802 berae.

228 854 347 920 babent
366 855 449 949 enim
465 854 542 922 haec
565 857 661 922 uerba
684 857 766 939 quod
784 858 906 922 mirere.
951 877 1024 923 uum
1041 856 1182 923 Catullus
1205 859 1268 924 iam
1289 863 1362 924 ante

228 965 346 1031 Romae
368 966 470 1033 adhuc
493 967 608 1047 degens
628 967 761 1033 Lesbiae
783 966 946 1050 perfidiam
969 974 1115 1050 expertus
1138 969 1231 1033 erat‘l
1266 968 1360 1038 talem

228 1076 415 1141 sententiam
446 1095 486 1142 ue
506 1094 673 1159 sequamur
703 1084 791 1144 uetat
814 1078 927 1143 indolis
951 1085 1145 1160 naturaeque
1164 1077 1360 1145 Catullianae

227 1173 461 1268 contemplatio.
508 1205 546 1252 ex
574 1205 636 1268 quo
666 1189 748 1252 enirn
770 1194 927 1270 ,tempore
965 1188 1079 1253 Lesbia
1107 1197 1142 1253 ut
1178 1189 1252 1254 olim
1280 1191 1359 1271 uiro,

227 1297 274 1361 ita
295 1297 429 1361 amatori
452 1314 575 1379 quoque
596 1295 689 1364 fidem
712 1299 856 1378 laeserat,
881 1298 932 1364 hic
947 1298 1020 1364 licet
1040 1301 1259 1365 reconciliatus
1272 1319 1360 1366 num·

228 1424 322 1488 quam
343 1401 478 1472 iniuriae
498 1425 518 1472 a
538 1408 645 1489 puella
667 1410 758 1474 unice
777 1413 886 1502 'amata
915 1408 975 1473 sibi
998 1409 1117 1475 inlatae
1139 1410 1218 1476 adeo
1241 1411 1360 1477 oblitus

228 1520 276 1582 est
297 1523 332 1582 ut
352 1516 491 1582 carmine
512 1518 643 1582 eundern
675 1536 767 1599 quem
797 1537 822 1584 c.
845 1518 885 1598 Π,
910 1519 966 1600 111,
991 1519 1028 1601 V,
1053 1517 1112 1583 VH
1139 1537 1276 1587 amorem
1298 1523 1360 1586 sin-

229 1645 334 1693 cerum
359 1627 513 1710 spirantia
535 1627 575 1692 ad
597 1645 666 1694 earn
695 1629 795 1694 daret.
840 1629 934 1695 talem
965 1635 1069 1695 autern
1097 1648 1236 1697 amorem
1258 1633 1361 1699 adhuc

227 1738 327 1820 spirat
352 1738 407 1805 illa
438 1739 584 1804 carminis
614 1736 760 1805 LXVIIIb
797 1757 871 1822 pars
893 1739 1110 1821 pulcherrimis
1139 1741 1256 1824 quique
1285 1761 1359 1810 uere

229 1847 333 1913 oculos
356 1853 487 1930 pascant
509 1848 665 1915 coloribus
686 1867 812 1931 sparsa,
843 1868 905 1931 qua
927 1850 1071 1915 Lesbiam
1094 1869 1163 1916 cum
1186 1851 1359 1920 Laudamia

227 1957 369 2026 contulit.
414 1959 568 2041 quomodo
594 1978 650 2024 nos
679 1959 756 2025 haec
786 1961 869 2024 inter
904 1978 938 2026 se
968 1961 1142 2041 pugnantia
1173 1962 1359 2045 iungemus?

226 2069 282 2150 ita,
305 2074 392 2152 puto,
420 2074 456 2134 ut
477 2068 632 2136 Ueronam
655 2086 810 2134 rumorem
838 2071 878 2135 de
905 2070 1037 2136 Lesbiae
1064 2069 1196 2165 pertidia
1218 2074 1359 2140 adlatum

228 2197 295 2244 esse
315 2186 499 2245 statuamus.
543 2178 620 2245 haec
636 2179 733 2260 igitur
753 2193 899 2244 uersuum
920 2174 1044 2238 illorum
1061 2175 1169 2239 euadit
1184 2177 1357 2242 sententia:

227 2306 414 2371 quamquam
437 2289 573 2372 puellam
595 2307 695 2354 meam
719 2288 827 2354 audiui
849 2306 899 2353 me
918 2305 980 2352 uno
1002 2275 1064 2349 uon
1088 2303 1155 2350 esse
1170 2289 1356 2368 contentam,

226 2405 332 2465 umen
353 2399 485 2465 lunonis
507 2401 607 2464 instar
628 2400 712 2465 illius
729 2398 815 2464 furta
829 2398 988 2480 patienter
1011 2396 1117 2478 teram,
1143 2397 1233 2472 modo
1256 2396 1358 2462 famae

226 2516 336 2593 parcat
358 2526 492 2591 raraque
513 2515 630 2592 peccet.
674 2515 748 2574 sunt
777 2515 882 2574 autem
915 2507 993 2572 haee
1022 2507 1120 2572 uerba
1147 2512 1183 2571 ut
1215 2507 1281 2572 eius
1304 2508 1357 2588 qui

226 2637 367 2685 rumores
391 2626 519 2703 spernat
541 2637 642 2702 neque
671 2626 706 2686 ut
735 2639 826 2686 ueros
856 2637 909 2685 eos
939 2617 1047 2684 credat
1078 2635 1097 2682 a
1126 2635 1160 2683 se
1188 2618 1359 2700 impetrare
1422 2651 1426 2655 ·

225 2729 333 2811 possit,
358 2731 404 2795 ita
423 2731 575 2797 eiusmodi
599 2736 634 2796 ut
656 2731 696 2797 ad
718 2730 810 2797 fidem
837 2729 1023 2796 seruandam
1046 2727 1160 2793 leniter
1182 2729 1283 2794 uelint
1303 2730 1359 2794 ad·

226 2844 523 2908 moderandarum
544 2841 602 2906 hoc
620 2859 744 2923 quoque
759 2842 843 2906 unde
864 2856 1004 2904 rumores
1022 2839 1101 2903 istos
1123 2839 1278 2921 acceperit
1299 2839 1358 2904 Oa·

226 2949 332 3030 tullus,
357 2951 536 3017 coniectura
566 2968 730 3033 possumus
749 2951 888 3032 adsequi.
934 2949 1071 3015 carmine
1094 2950 1175 3014 enim
1197 2947 1356 3031 LXVIH·,

227 3041 289 3142 quo
308 3059 428 3126 Manlio
452 3063 552 3127 amico
574 3062 751 3144 respondet,
776 3081 806 3126 u.
830 3065 944 3142 27sqq.
967 3057 1044 3124 haec
1065 3059 1215 3140 legimus:

434 3217 519 3272 quere
538 3203 610 3274 quod
631 3203 728 3259 scribis
741 3195 872 3259 ‘Ueronae
890 3209 972 3271 turpe
991 3202 1096 3258 Catullo

504 3311 573 3367 esse,
593 3297 667 3368 quod
684 3297 730 3352 hic
748 3296 836 3366 quiuis
853 3296 887 3350 de
906 3295 1018 3350 meliore
1036 3304 1103 3352 nota

432 3390 532 3460 frigida
549 3391 657 3446 deserto
675 3389 825 3459 tepefactet
840 3389 963 3444 membra
980 3389 1072 3460 cubili,
1181 3456 1182 3468 χ

501 3483 537 3552 id,
557 3483 652 3552 Manli,
668 3500 726 3539 non
745 3490 789 3539 est
806 3490 895 3553 turpe,
914 3483 1001 3552 magis
1018 3482 1183 3540 miserumst.

226 3612 261 3704 ln
282 3611 395 3694 quibus
416 3613 521 3680 uerbis
552 3612 629 3679 nihil
662 3631 805 3679 curamus
836 3614 1024 3695 interpretes
1053 3612 1197 3678 uoculcm
1222 3598 1293 3678 ‘bic’
1316 3615 1357 3679 ad

226 3718 336 3788 urbein
357 3718 503 3804 Romam,
532 3725 616 3790 unde
638 3724 756 3790 scilicet
776 3723 886 3789 Manlii
910 3723 1047 3806 epistula
1069 3724 1110 3788 sit
1135 3723 1245 3803 missa,
1277 3723 1358 3789 reie-

225 3836 346 3913 rentes,
379 3837 459 3900 cum'
477 3853 537 3899 non
557 3835 657 3919 possit
687 3835 743 3901 illa
771 3835 883 3900 referri
912 3835 971 3900 nisi
994 3834 1034 3899 ad
1056 3835 1089 3900 id
1112 3834 1195 3916 quod
1217 3834 1358 3916 proxime

225 3944 385 4025 praecedit
410 3943 582 4011 ‘Ueronae’.
628 3964 721 4028 quem
751 3951 855 4011 autam
886 3962 1011 4010 causam
1041 3944 1139 4011 luisse
1162 3945 1300 4011 dicemus
1323 3951 1359 4009 ut

226 4033 379 4136 Manlius,
411 4057 596 4121 uir‘amissa
618 4058 747 4136 coniuge
779 4057 843 4141 [uu.
870 4056 966 4140 1—6]
989 4057 1138 4122 tristitiae
1160 4057 1358 4138 maerorique
1469 4113 1474 4121 .

226 4163 378 4247 traditus,
402 4163 558 4232 Catullum
581 4185 620 4232 ne
643 4167 775 4250 amplius
804 4168 933 4249 degeret
955 4167 1101 4233 Ueronae
1123 4167 1357 4246 adhortaretur,

226 4274 343 4358 quippe
370 4294 432 4358 quo
463 4277 494 4341 in
526 4278 642 4360 oppido
672 4296 774 4344 mores
803 4276 905 4344 adhuc
933 4277 1055 4359 antiqui
1086 4276 1230 4359 uigerent
1256 4295 1359 4361 neque
