3142 4922
645 488 719 546 ·18

235 689 329 729 omnes
346 674 440 743 pusilli
456 681 484 730 et
501 675 631 730 semitarii
647 676 773 750 moechi;

235 773 266 822 tu
286 777 397 836 praeter
415 782 519 836 omnes,
538 784 592 822 une
612 769 646 824 dc
665 770 803 838 capillatis
893 779 895 794 ’

182 879 183 891 ’
237 859 328 930 Celtis,
346 875 443 916 uernae
462 860 626 916 celtiberiae
643 862 692 934 fili,

237 953 348 1022 Egnati,
365 969 454 1022 opaca
473 970 552 1022 quem
570 955 670 1010 bonum
687 954 755 1010 fauit
773 955 860 1012 barba
948 955 951 964 ’

100 1051 144 1102 ’.
236 1054 263 1102 et
282 1046 349 1102 dens
367 1047 471 1102 Hibera
487 1046 638 1104 defricatus
656 1050 743 1104 urina.
1244 1056 1289 1108 20

134 1207 257 1268 tantum
286 1204 369 1267 enim
400 1203 488 1268 abest
525 1209 559 1267 ut
583 1223 653 1270 cum
682 1206 789 1274 Riesio
823 1225 962 1273 summae
986 1210 1137 1288 egestatis
1158 1198 1287 1290 imagi—

135 1331 205 1378 nem
225 1313 267 1406 in
297 1312 346 1378 bis
369 1313 512 1378 uersibus
536 1332 718 1396 agnoscam,
751 1323 787 1383 ut
815 1317 910 1400 plane
939 1320 1129 1383 contrarium
1160 1337 1200 1413 ex
1232 1321 1288 1384 eis

133 1423 253 1489 eliciam
276 1441 431 1489 sensum
455 1443 527 1488 nam
559 1443 629 1490 cum
652 1424 795 1496 Catullus
817 1446 938 1492 summa
959 1446 1027 1493 cunr
1046 1428 1286 1509 indignatione

133 1534 408 1622 contubernalibus
438 1534 496 1600 hoc
526 1535 642 1600 obiciat
675 1538 758 1617 quod
790 1539 849 1620 ipsi
881 1540 944 1604 sint
967 1538 1085 1604 moechi
1106 1529 1221 1620 p'usilli
1250 1548 1288 1606 et

132 1645 301 1724 semitarii,
331 1645 407 1726 quid
429 1645 515 1710 aliud
541 1644 614 1709 binc
636 1649 780 1727 sequitur
803 1667 896 1730 quam
919 1650 1148 1715 Lesbiamnon
1170 1648 1286 1716 fuisse

31 1747 38 1760 ’
133 1755 344 1837 prostibulum
367 1756 587 1820 semitarium‘?
608 1773 689 1838 quae
711 1760 785 1839 quia
804 1765 873 1824 erat
886 1761 993 1842 puella
1006 1760 1129 1840 nobilis,
1151 1759 1280 1826 idcirco
1314 1821 1317 1830 .

133 1866 218 1931 ‘boni
230 1864 386 1946 beatique‘
401 1864 456 1930 illa
471 1865 656 1932 fruebantur
672 1868 725 1949 qui
743 1869 822 1934 alias
842 1868 1052 1936 abiectissima
1065 1868 1277 1936 sectabantur

101 1973 104 1980 ’
132 1980 245 2042 scorta.
270 2011 312 2022 -
333 1976 477 2057 idemque
504 1977 544 2042 de
571 1979 708 2042 carmine
732 1977 776 2042 XI
799 1979 964 2044 dicendum
987 1985 1044 2044 est.
1089 1978 1277 2060 quodlicet

133 2087 173 2152 ad
186 2087 289 2168 'plane
311 2086 407 2150 alium
423 2087 594 2164 carminum
615 2085 731 2151 κύκλον
741 2087 941 2154 referendum
963 2091 1017 2168 sit,
1039 2094 1074 2153 ut
1097 2088 1177 2153 bene
1202 2091 1271 2154 eui·

133 2199 175 2264 cit
195 2195 408 2278 Westphalius
430 2195 473 2278 [p.
491 2195 577 2279 202],
602 2203 706 2260 tamen
729 2215 791 2263 uno
814 2198 912 2263 uerbo
930 2198 1176 2263 commemorabo
1200 2199 1274 2264 eius

132 2325 242 2374 uersus
267 2311 392 2371 16—20
417 2308 495 2370 ‘cnm
517 2307 582 2370 suis
603 2307 694 2370 uiuat
716 2308 884 2390 ualeatque
908 2308 1053 2388 moechis,
1077 2325 1156 2390 quos
1174 2307 1273 2388 simul

38 2398 41 2406 Α
132 2417 292 2499 complexa
314 2421 401 2482 tenet
420 2418 594 2497 trecentae,
622 2416 741 2516 nullum
765 2434 872 2483 amaus
895 2437 985 2500 uere,
1015 2419 1071 2484 sed
1094 2417 1271 2483 identidem

24 2595 25 2598 ,
133 2529 270 2594 omnium
292 2527 347 2593 ilia
367 2527 524 2608 rumpens’
548 2525 771 2591 nihilomnino
795 2546 857 2610 quo
881 2529 921 2595 de
942 2529 1108 2595 meretrice
1128 2529 1283 2618 cogitare¹

133 2657 280 2720 cogamur
303 2637 481 2717 continere,
511 2637 605 2702 immo
634 2637 739 2703 omnia
767 2649 801 2704 ut
824 2637 960 2705 feminae
983 2640 1097 2706 nobilis
1118 2631 1270 2706 iuuenum

132 2752 308 2814 amatorum
340 2753 468 2813 caterua
497 2747 634 2828 stipatae
661 2753 768 2814 mente
797 2750 887 2815 nobis
908 2750 1078 2817 formemus
1099 2751 1270 2831 imaginem

132 2853 274 2925 suadere.

218 2971 330 3051 Itaque
352 2968 410 3033 hoc
440 2968 596 3033 mordicus
611 2970 796 3035 tenendum
825 2974 874 3034 est
901 2968 1046 3034 Lesbiam
1078 2966 1175 3034 nobili
1197 2967 1266 3033 loco

132 3082 229 3147 inisse
251 3085 353 3146 artam
376 3097 478 3162 neque
501 3097 576 3144 uero
598 3069 786 3162 paupertate
801 3079 955 3160 adactam,
977 3078 1115 3158 seduna
1137 3079 1266 3166 solaque

132 3193 265 3259 libidine
287 3191 436 3256 furiatam
465 3208 503 3255 ex
525 3196 669 3255 matrona
696 3189 828 3255 honesta
852 3188 1005 3271 paulatim
1034 3189 1173 3254 euasisse
1195 3205 1265 3254 eam

133 3321 215 3385 quae
237 3302 332 3369 scorti
355 3302 499 3367 uilissimi
522 3319 609 3366 more
631 3300 784 3382 modoque
808 3300 942 3365 uiueret.

218 3412 263 3478 Ut
285 3415 390 3478 antem
412 3412 552 3477 inuiam
577 3411 758 3490 redeamus,
784 3409 943 3492 Catullus,
975 3413 1142 3494 postquam
1164 3425 1265 3490 neque

132 3525 278 3590 Lesbiam
302 3541 320 3586 a
351 3523 417 3588 uita
446 3521 605 3604 impudica
635 3521 787 3586 desistere
817 3527 849 3586 et
877 3540 998 3587 omnem
1027 3539 1118 3586 suum
1145 3520 1175 3584 iu
1198 3515 1265 3583 eius
1469 3574 1477 3601 ,

132 3634 268 3701 moechis
286 3634 506 3716 impugnandis
522 3632 662 3698 laborem
674 3631 792 3698 frustra
814 3650 882 3698 esse
898 3636 1076 3714 susceptum
1100 3628 1262 3706 intellexit,
1365 3615 1369 3620 ’

132 3746 261 3811 tandem
284 3744 524 3809 admonentibus
546 3743 655 3807 amicis
675 3759 743 3806 eam
767 3742 915 3808 desernit.
960 3742 1150 3823 quodquam
1172 3754 1264 3820 aegre

133 3857 189 3921 illo
213 3873 232 3920 a
254 3873 288 3920 se
309 3853 489 3936 impetrarit
511 3870 667 3935 quamque
689 3851 800 3915 intimo
831 3852 898 3916 eius
928 3851 1013 3916 cordi
1038 3849 1177 3914 mulieris
1199 3865 1264 3914 cor-

69 4041 75 4048 ,
132 3967 333 4049 ruptissimae
355 3983 442 4030 amor
463 3965 631 4042 insederit,
663 3962 857 4027 demonstrat
885 3979 1008 4026 carmen
1030 3959 1169 4041 LXXVI,
1193 3976 1263 4047 quo,

133 4078 216 4160 qnod
240 4077 279 4141 ad
304 4075 470 4140 affectuum
493 4075 692 4139 altitudinem
715 4073 846 4152 attinet,
875 4089 976 4154 pauca
998 4071 1072 4136 tulit
1094 4070 1265 4151 antiquitas
1449 4136 1451 4169 ι

134 4188 356 4270 praeclariora.
401 4185 528 4250 uidetur
559 4189 663 4249 autem
686 4182 811 4248 Caelius
841 4182 969 4264 quidam
991 4181 1181 4248 Ueronensis
1203 4198 1266 4247 ma·
1363 4215 1368 4222 »
1450 4176 1484 4207 ’·

105 4288 110 4296 ’
132 4299 214 4364 xime
230 4297 415 4364 adhortatus
438 4313 506 4362 esse
522 4299 648 4377 poetam
669 4299 704 4359 ut
719 4311 857 4360 amorem
871 4292 1035 4375 indignum
1056 4291 1264 4373 abrumperet.
