3142 4922
365 642 420 707 LV
445 647 552 721 taqua

500 784 622 839 femellas
641 798 743 850 omnes,
761 782 847 838 amice
866 781 970 851 prendi,

501 893 569 946 quas
587 877 665 931 uultu
683 877 739 930 uidi
757 881 846 930 tamen
865 891 985 930 serenas.

500 970 584 1040 a,uel
601 976 629 1024 te
647 971 687 1024 sic
705 971 763 1037 ipse
780 967 954 1038 flagitabam:

501 1063 661 1118 ‘Camertum
678 1062 751 1131 mihi,
773 1062 909 1131 pessimae
927 1061 1057 1130 puellael'

281 1197 344 1260 nori
356 1199 461 1277 potest
474 1193 611 1275 ineptius
624 1193 755 1274 cogitari
767 1211 844 1257 uoce
857 1192 991 1258 tamen.
1015 1194 1074 1259 hoc
1093 1195 1176 1260 enim
1199 1199 1291 1278 pacto
1304 1192 1414 1258 Catul-

280 1305 328 1371 lus
351 1303 472 1387 puellas
494 1305 600 1368 tristes
630 1303 836 1384 praeterisse,
867 1303 983 1370 hilares
1005 1304 1168 1386 prendisse
1190 1323 1225 1370 se
1247 1305 1332 1370 dicit.
1377 1309 1413 1368 at

279 1413 352 1479 talis
381 1415 540 1480 distinctio
577 1418 731 1495 repugnat
762 1417 894 1479 naturae
920 1433 1035 1479 rerum.
1087 1432 1156 1479 curn
1191 1415 1272 1480 enim
1304 1432 1412 1480 omncs

279 1524 418 1607 puellae,
450 1528 516 1589 tum
545 1542 619 1588 vero
648 1523 865 1588 meretriculae
886 1529 1052 1591 amatores·
1065 1530 1264 1607 captaturae,
1301 1524 1411 1606 quales

217 1617 222 1624 ⁵
279 1635 330 1701 hio
348 1634 534 1716 cogitandae
556 1639 644 1715 suut,
676 1633 807 1698 hilarem
830 1634 1009 1716 laetumque
1031 1636 1151 1701 uultum
1174 1654 1285 1717 gerere
1307 1635 1412 1700 solent

279 1749 310 1813 in
341 1746 466 1829 publico
496 1744 684 1811 incedentes.
729 1745 804 1827 quid
836 1750 941 1810 autem
972 1744 1114 1811 Catullus
1146 1764 1184 1810 ex
1213 1745 1409 1812 femellamm

279 1875 333 1922 ore
356 1875 411 1922 seu
434 1875 544 1923 sereno
565 1875 620 1922 seu
635 1873 745 1922 seuero
768 1855 807 1922 de
825 1855 960 1920 Camerii
975 1857 1105 1922 latebris
1124 1859 1264 1922 conicere
1286 1857 1411 1939 potuit?

287 1966 319 2031 V
337 1967 435 2032 tradit
455 1967 593 2048 ‘serena’,
618 1966 701 2048 quod
732 1967 762 2031 in
786 1965 983 2049 interpolatis
1006 1967 1192 2048 quibusdam
1214 1967 1303 2032 libris
1325 1972 1410 2032 recta

277 2078 310 2142 iu
334 2077 462 2142 ‘sereno’
485 2081 639 2142 mutatum
667 2082 723 2141 est.
768 2095 825 2158 pro
850 2077 935 2141 ‘uidi
965 2083 1070 2142 autem
1094 2077 1312 2158 corrigendum
1335 2095 1407 2142 cen-

278 2207 330 2253 seo
354 2187 472 2268 uigili.
517 2187 595 2272 haec
616 2187 723 2267 itaque
737 2191 850 2268 poetae
870 2187 1026 2251 sententia
1049 2193 1116 2252 est:
1140 2206 1174 2252 se
1197 2205 1303 2254 omues
1319 2189 1407 2271 puel·
1513 2201 1521 2240 'z

1513 2283 1518 2308 1

276 2299 324 2364 las
347 2296 591 2379 apprehendisse
614 2315 652 2360 ex
682 2296 789 2378 eisque
816 2297 855 2361 de
888 2297 987 2362 amico
1015 2299 1208 2379 quaesiuisse
1238 2299 1328 2364 uultu
1357 2298 1404 2362 ui·

277 2408 333 2490 gili
355 2408 481 2489 quidem
495 2407 626 2490 (scilicet
648 2408 693 2486 at,
717 2407 807 2488 siqua
822 2425 876 2472 ore
890 2414 1058 2489 appareret
1074 2408 1201 2474 contuso
1224 2416 1280 2472 aut
1301 2407 1404 2488 rubro,

277 2518 351 2583 inde
372 2519 521 2584 indicium
542 2518 727 2599 acciperet),
751 2517 804 2582 sed
827 2523 931 2582 tamen
953 2535 1073 2599 sereno,
1098 2537 1137 2583 ue
1158 2519 1218 2583 sibi
1235 2536 1352 2584 seuero
1374 2522 1406 2583 et
1509 2510 1512 2548 ³

277 2630 389 2695 immiti
411 2629 583 2694 deterritae
603 2627 920 2710 irataequefemcllae
941 2629 980 2694 de
1002 2629 1159 2695 industria
1181 2634 1341 2710 negarent.
1366 2665 1407 2677 -

276 2759 371 2806 uersu
401 2741 501 2805 altero
531 2739 613 2820 quod
644 2739 678 2802 L.
711 2739 882 2804 Muellerus
901 2739 1072 2822 ¹archetypi
1094 2741 1281 2821 scripturam
1306 2739 1408 2832 ‘aruel

277 2856 309 2915 te
332 2851 376 2915 sic
404 2851 472 2932 ipse
501 2847 692 2930 flagitabam’
715 2849 847 2915 retinuit
878 2849 964 2914 nullo
995 2850 1086 2916 modo
1116 2868 1242 2932 possum
1263 2851 1406 2932 probare.

276 2977 347 3024 nam
369 2960 450 3040 quod
478 2959 527 3023 uir
550 2959 739 3024 clarissimus
759 2958 838 3022 illud
870 2959 931 3022 ‘uel
961 2959 1014 3024 sic'
1038 2959 1134 3024 adid
1158 2959 1241 3041 quod
1265 2959 1408 3041 sequitui

277 3070 439 3152 ‘pessimae
461 3068 595 3151 puellae’
625 3069 784 3151 pertinere
813 3068 872 3132 ait:
902 3070 1036 3151 primum
1067 3089 1128 3135 non
1157 3075 1289 3153 possunt
1315 3087 1408 3136 uoca-

277 3179 352 3246 bula
372 3178 573 3244 cohaerentia
595 3179 655 3244 ‘uel
672 3178 725 3244 sic’
749 3178 914 3245 interiecto
938 3179 988 3245 ‘te’
1010 3180 1124 3260 dirimi,
1148 3198 1217 3245 cum
1232 3198 1323 3244 nemo
1345 3199 1407 3246 non

278 3290 348 3354 ‘uel'
380 3307 448 3354 cum
481 3289 532 3354 ‘te'
563 3290 739 3370 coniungat.
792 3289 905 3355 deiude
935 3307 1010 3354 uero
1042 3288 1183 3354 Catullus
1212 3295 1321 3373 aperte
1351 3309 1408 3373 per

213 3415 216 3422 ’
278 3401 380 3464 iocum
416 3402 537 3483 puellas
573 3404 666 3465 uocat
701 3399 871 3480 ‘pessimas’
913 3399 982 3484 (nos
1022 3399 1334 3484 ‘Teuielsmddchen’3
1368 3401 1406 3467 cf.

277 3510 409 3578 XXXVI
439 3504 488 3587 9);
518 3511 552 3570 at
581 3504 725 3574 Muelleri
755 3510 937 3592 explicatio,
972 3517 1007 3576 ut
1045 3510 1106 3576 ‘uel
1136 3511 1189 3576 sic’
1218 3510 1407 3595 diremptum

274 3639 357 3687 nunc
379 3621 548 3696 mittamus,
572 3636 634 3683 non
652 3618 746 3684 habet
763 3620 873 3700 locum,
898 3621 958 3686 uisi
980 3640 1016 3687 re
1038 3639 1114 3686 uera
1136 3627 1230 3702 poeta
1252 3640 1305 3687 eas
1328 3628 1407 3688 tam-
1497 3642 1500 3648 ·

278 3749 371 3813 quam
402 3735 507 3795 scorta
535 3729 613 3793 uilia
645 3729 810 3810 designare
838 3731 948 3796 uoluit.
993 3732 1099 3812 itaque
1127 3731 1203 3796 mihi
1223 3751 1281 3814 pro
1303 3734 1408 3816 explo-

279 3845 348 3906 rato
377 3844 425 3904 est
446 3839 546 3903 latere
576 3839 607 3902 in
638 3838 754 3904 litteris
779 3843 807 3904 ‘a
838 3841 898 3906 uel’
924 3843 1123 3924 participium
1146 3843 1291 3925 aliquod,
1315 3844 1408 3926 quale

274 4027 392 4074 mentum
417 4016 574 4072 emaculabo
599 4016 639 4070 ita
660 4019 812 4073 ‘centauros
838 4019 933 4074 sedare
955 4017 1134 4074 bimembres’.
1171 4020 1313 4075 Parisinus
1331 4035 1410 4090 prae-

274 4104 322 4158 bet
339 4103 458 4158 ‘fedaret
494 4109 566 4172 quod
586 4109 668 4178 uulgo
687 4110 788 4178 legitur
805 4111 945 4180 ‘foedare',
969 4129 1024 4167 non
1042 4113 1123 4169 uideo
1142 4114 1277 4184 quomodo
1296 4129 1357 4167 cum
1374 4113 1406 4168 L.

274 4197 408 4254 Muellero
427 4199 490 4254 coll.
507 4201 590 4270 Uerg.
601 4204 669 4256 Aen.
687 4204 714 4256 ll
732 4206 764 4258 55
784 4205 959 4274 interpretari
976 4205 1065 4262 liceat.
1084 4237 1116 4247 -
1135 4207 1225 4276 agitur
1243 4206 1277 4260 de
1290 4206 1407 4262 Centau-

273 4304 365 4345 rorum
382 4292 445 4348 rixa
462 4307 479 4347 a
495 4297 645 4363 nescioquo
665 4298 824 4366 composita.

1537 4301 1540 4448 l

1536 4453 1540 4496 i
