<?xml version="1.0" encoding="UTF-8"?>
<!DOCTYPE html PUBLIC "-//W3C//DTD XHTML 1.0 Transitional//EN"
    "http://www.w3.org/TR/xhtml1/DTD/xhtml1-transitional.dtd">
<html xmlns="http://www.w3.org/1999/xhtml" xml:lang="en" lang="en">
 <head>
  <title>
</title>
<meta http-equiv="Content-Type" content="text/html;charset=utf-8" />
  <meta name='ocr-system' content='tesseract 3.04.00' />
  <meta name='ocr-capabilities' content='ocr_page ocr_carea ocr_par ocr_line ocrx_word'/>
</head>
<body>
  <div class='ocr_page' id='page_1' title='image "./analectacatulli00baehgoog/analectacatulli00baehgoog_0054.png"; bbox 0 0 3142 4922; ppageno 0'>
   <div class='ocr_carea' id='block_1_1' title="bbox 683 387 723 446">
    <p class='ocr_par' dir='ltr' id='par_1_1' title="bbox 683 387 723 446">
     <span class='ocr_line' id='line_1_1' title="bbox 683 387 723 446; baseline -0.025 0"><span class='ocrx_word' id='word_1_1' title='bbox 683 387 723 446; x_wconf 84' lang='lat'><strong>49</strong></span> 
     </span>
    </p>
   </div>
   <div class='ocr_carea' id='block_1_2' title="bbox 357 550 982 619">
    <p class='ocr_par' dir='ltr' id='par_1_2' title="bbox 357 550 982 619">
     <span class='ocr_line' id='line_1_2' title="bbox 357 550 982 619; baseline -0.005 -12"><span class='ocrx_word' id='word_1_2' title='bbox 357 566 492 607; x_wconf 80' lang='lat' dir='ltr'><strong>emersere</strong></span> <span class='ocrx_word' id='word_1_3' title='bbox 517 551 574 606; x_wconf 87' lang='lat' dir='ltr'><strong>sero</strong></span> <span class='ocrx_word' id='word_1_4' title='bbox 598 551 739 608; x_wconf 78' lang='lat' dir='ltr'><strong>candentia</strong></span> <span class='ocrx_word' id='word_1_5' title='bbox 756 550 864 619; x_wconf 81' lang='lat' dir='ltr'><strong>gurgite</strong></span> <span class='ocrx_word' id='word_1_6' title='bbox 883 550 982 604; x_wconf 88' lang='lat' dir='ltr'><strong>vultus.</strong></span> 
     </span>
    </p>
   </div>
   <div class='ocr_carea' id='block_1_3' title="bbox 78 661 1334 2070">
    <p class='ocr_par' dir='ltr' id='par_1_3' title="bbox 78 661 1334 2070">
     <span class='ocr_line' id='line_1_3' title="bbox 131 661 1334 756; baseline -0.007 -24"><span class='ocrx_word' id='word_1_7' title='bbox 131 669 282 749; x_wconf 90' lang='lat' dir='ltr'><strong>adquae</strong></span> <span class='ocrx_word' id='word_1_8' title='bbox 317 666 415 731; x_wconf 88' lang='lat' dir='ltr'><strong>uerba</strong></span> <span class='ocrx_word' id='word_1_9' title='bbox 444 684 482 730; x_wconf 91' lang='lat' dir='ltr'><strong>ea</strong></span> <span class='ocrx_word' id='word_1_10' title='bbox 512 683 592 746; x_wconf 88' lang='lat' dir='ltr'><strong>quae</strong></span> <span class='ocrx_word' id='word_1_11' title='bbox 624 671 773 730; x_wconf 86' lang='lat' dir='ltr'><strong>secuntur</strong></span> <span class='ocrx_word' id='word_1_12' title='bbox 804 661 988 744; x_wconf 82' lang='lat' dir='ltr'><strong>‘aequoreae</strong></span> <span class='ocrx_word' id='word_1_13' title='bbox 1014 662 1187 746; x_wconf 87' lang='lat' dir='ltr'><strong>Nymphae’</strong></span> <span class='ocrx_word' id='word_1_14' title='bbox 1218 680 1276 744; x_wconf 89' lang='lat' dir='ltr'><strong>per</strong></span> <span class='ocrx_word' id='word_1_15' title='bbox 1330 751 1334 756; x_wconf 10' lang='grc' dir='ltr'><strong>ψ</strong></span> 
     </span>
     <span class='ocr_line' id='line_1_4' title="bbox 134 773 1275 860; baseline -0.006 -17"><span class='ocrx_word' id='word_1_16' title='bbox 134 777 372 860; x_wconf 82' lang='lat' dir='ltr'><strong>appositionem</strong></span> <span class='ocrx_word' id='word_1_17' title='bbox 396 775 558 840; x_wconf 87' lang='lat' dir='ltr'><strong>accedunt.</strong></span> <span class='ocrx_word' id='word_1_18' title='bbox 583 811 623 822; x_wconf 88' lang='lat'><strong>-·</strong></span> <span class='ocrx_word' id='word_1_19' title='bbox 648 776 702 841; x_wconf 91' lang='lat' dir='ltr'><strong>ubi</strong></span> <span class='ocrx_word' id='word_1_20' title='bbox 725 779 832 840; x_wconf 87' lang='lat' dir='ltr'><strong>autem</strong></span> <span class='ocrx_word' id='word_1_21' title='bbox 857 773 1039 838; x_wconf 84' lang='lat' dir='ltr'><strong>‘candentis’</strong></span> <span class='ocrx_word' id='word_1_22' title='bbox 1063 774 1094 837; x_wconf 93' lang='lat' dir='ltr'><strong>in</strong></span> <span class='ocrx_word' id='word_1_23' title='bbox 1119 774 1275 838; x_wconf 77' lang='lat' dir='ltr'><strong>‘candenti</strong></span> 
     </span>
     <span class='ocr_line' id='line_1_5' title="bbox 133 883 1275 968; baseline -0.004 -17"><span class='ocrx_word' id='word_1_24' title='bbox 133 888 164 952; x_wconf 86' lang='lat' dir='ltr'><strong>e’</strong></span> <span class='ocrx_word' id='word_1_25' title='bbox 189 891 458 968; x_wconf 67' lang='lat' dir='ltr'><strong>corruptumst,</strong></span> <span class='ocrx_word' id='word_1_26' title='bbox 485 884 570 949; x_wconf 84' lang='lat' dir='ltr'><strong>‘lero&#39;</strong></span> <span class='ocrx_word' id='word_1_27' title='bbox 596 885 635 949; x_wconf 90' lang='lat' dir='ltr'><strong>ab</strong></span> <span class='ocrx_word' id='word_1_28' title='bbox 658 904 695 949; x_wconf 92' lang='lat' dir='ltr'><strong>eo</strong></span> <span class='ocrx_word' id='word_1_29' title='bbox 719 889 874 948; x_wconf 86' lang='lat' dir='ltr'><strong>mutatum</strong></span> <span class='ocrx_word' id='word_1_30' title='bbox 896 889 944 948; x_wconf 90' lang='lat' dir='ltr'><strong>est</strong></span> <span class='ocrx_word' id='word_1_31' title='bbox 967 885 1022 965; x_wconf 89' lang='lat' dir='ltr'><strong>qui</strong></span> <span class='ocrx_word' id='word_1_32' title='bbox 1044 883 1188 964; x_wconf 86' lang='lat' dir='ltr'><strong>‘gurgite’</strong></span> <span class='ocrx_word' id='word_1_33' title='bbox 1212 902 1275 947; x_wconf 91' lang='lat' dir='ltr'><strong>non</strong></span> 
     </span>
     <span class='ocr_line' id='line_1_6' title="bbox 133 994 1276 1079; baseline -0.002 -19"><span class='ocrx_word' id='word_1_34' title='bbox 133 997 256 1079; x_wconf 87' lang='lat' dir='ltr'>duplici</span> <span class='ocrx_word' id='word_1_35' title='bbox 279 996 433 1060; x_wconf 85' lang='lat' dir='ltr'><strong>attributo</strong></span> <span class='ocrx_word' id='word_1_36' title='bbox 448 996 561 1061; x_wconf 85' lang='lat' dir='ltr'><strong>instrui</strong></span> <span class='ocrx_word' id='word_1_37' title='bbox 577 1013 668 1078; x_wconf 89' lang='lat' dir='ltr'><strong>posse</strong></span> <span class='ocrx_word' id='word_1_38' title='bbox 684 994 890 1074; x_wconf 75' lang='lat' dir='ltr'><strong>intellegeret</strong></span> <span class='ocrx_word' id='word_1_39' title='bbox 936 1001 1073 1058; x_wconf 90' lang='lat' dir='ltr'><strong>ceterum</strong></span> <span class='ocrx_word' id='word_1_40' title='bbox 1091 994 1146 1058; x_wconf 88' lang='lat' dir='ltr'><strong>illa</strong></span> <span class='ocrx_word' id='word_1_41' title='bbox 1168 998 1276 1058; x_wconf 89' lang='lat' dir='ltr'><strong>‘emer-</strong></span> 
     </span>
     <span class='ocr_line' id='line_1_7' title="bbox 132 1103 1275 1187; baseline -0.003 -15"><span class='ocrx_word' id='word_1_42' title='bbox 132 1125 207 1172; x_wconf 87' lang='lat' dir='ltr'><strong>sere</strong></span> <span class='ocrx_word' id='word_1_43' title='bbox 230 1106 297 1172; x_wconf 88' lang='lat' dir='ltr'><strong>lcro</strong></span> <span class='ocrx_word' id='word_1_44' title='bbox 321 1106 455 1187; x_wconf 85' lang='lat' dir='ltr'><strong>gurgite’</strong></span> <span class='ocrx_word' id='word_1_45' title='bbox 485 1104 709 1171; x_wconf 88' lang='lat' dir='ltr'><strong>confirmantur</strong></span> <span class='ocrx_word' id='word_1_46' title='bbox 739 1106 783 1169; x_wconf 89' lang='lat' dir='ltr'><strong>eis</strong></span> <span class='ocrx_word' id='word_1_47' title='bbox 812 1123 894 1186; x_wconf 89' lang='lat' dir='ltr'><strong>quae</strong></span> <span class='ocrx_word' id='word_1_48' title='bbox 916 1104 975 1168; x_wconf 93' lang='lat' dir='ltr'><strong>loci</strong></span> <span class='ocrx_word' id='word_1_49' title='bbox 1008 1103 1193 1170; x_wconf 85' lang='lat' dir='ltr'><strong>Cattulliani</strong></span> <span class='ocrx_word' id='word_1_50' title='bbox 1214 1123 1275 1168; x_wconf 90' lang='lat' dir='ltr'><strong>non</strong></span> 
     </span>
     <span class='ocr_line' id='line_1_8' title="bbox 132 1214 1273 1298; baseline -0.003 -17"><span class='ocrx_word' id='word_1_51' title='bbox 132 1218 297 1281; x_wconf 90' lang='lat' dir='ltr'><strong>immemor</strong></span> <span class='ocrx_word' id='word_1_52' title='bbox 320 1224 429 1280; x_wconf 82' lang='lat' dir='ltr'><strong>auctor</strong></span> <span class='ocrx_word' id='word_1_53' title='bbox 460 1216 606 1280; x_wconf 88' lang='lat' dir='ltr'><strong>Dirarum</strong></span> <span class='ocrx_word' id='word_1_54' title='bbox 630 1217 756 1298; x_wconf 83' lang='lat' dir='ltr'><strong>scripsit</strong></span> <span class='ocrx_word' id='word_1_55' title='bbox 786 1215 829 1298; x_wconf 85' lang='lat' dir='ltr'><strong>[u.</strong></span> <span class='ocrx_word' id='word_1_56' title='bbox 858 1214 911 1298; x_wconf 85' lang='lat'><strong>57]</strong></span> <span class='ocrx_word' id='word_1_57' title='bbox 944 1218 1023 1280; x_wconf 89' lang='lat' dir='ltr'><strong>‘cum</strong></span> <span class='ocrx_word' id='word_1_58' title='bbox 1046 1215 1150 1280; x_wconf 88' lang='lat' dir='ltr'><strong>subito</strong></span> <span class='ocrx_word' id='word_1_59' title='bbox 1174 1233 1273 1278; x_wconf 88' lang='lat' dir='ltr'><strong>emer·</strong></span> 
     </span>
     <span class='ocr_line' id='line_1_9' title="bbox 78 1324 1275 1409; baseline -0.003 -18"><span class='ocrx_word' id='word_1_60' title='bbox 78 1371 80 1381; x_wconf 77' lang='grc'>.</span> <span class='ocrx_word' id='word_1_61' title='bbox 132 1345 206 1392; x_wconf 87' lang='lat' dir='ltr'><strong>sere</strong></span> <span class='ocrx_word' id='word_1_62' title='bbox 229 1327 347 1392; x_wconf 86' lang='lat' dir='ltr'><strong>furenti</strong></span> <span class='ocrx_word' id='word_1_63' title='bbox 365 1344 497 1409; x_wconf 89' lang='lat' dir='ltr'><strong>corpora</strong></span> <span class='ocrx_word' id='word_1_64' title='bbox 521 1326 638 1408; x_wconf 84' lang='lat' dir='ltr'><strong>ponto’.</strong></span> <span class='ocrx_word' id='word_1_65' title='bbox 685 1345 779 1408; x_wconf 92' lang='lat' dir='ltr'><strong>quam</strong></span> <span class='ocrx_word' id='word_1_66' title='bbox 797 1330 870 1407; x_wconf 91' lang='lat' dir='ltr'><strong>apte</strong></span> <span class='ocrx_word' id='word_1_67' title='bbox 894 1329 998 1390; x_wconf 87' lang='lat' dir='ltr'><strong>autem</strong></span> <span class='ocrx_word' id='word_1_68' title='bbox 1016 1324 1168 1408; x_wconf 87' lang='lat' dir='ltr'><strong>Nymphis</strong></span> <span class='ocrx_word' id='word_1_69' title='bbox 1193 1325 1275 1389; x_wconf 83' lang='lat' dir='ltr'><strong>‘cau-</strong></span> 
     </span>
     <span class='ocr_line' id='line_1_10' title="bbox 134 1435 1274 1518; baseline -0.004 -16"><span class='ocrx_word' id='word_1_70' title='bbox 134 1439 247 1503; x_wconf 85' lang='lat' dir='ltr'><strong>dentes</strong></span> <span class='ocrx_word' id='word_1_71' title='bbox 287 1437 402 1503; x_wconf 86' lang='lat' dir='ltr'><strong>unltus&#39;</strong></span> <span class='ocrx_word' id='word_1_72' title='bbox 435 1437 551 1502; x_wconf 88' lang='lat' dir='ltr'><strong>deutur</strong></span> <span class='ocrx_word' id='word_1_73' title='bbox 581 1436 672 1504; x_wconf 90' lang='lat' dir='ltr'><strong>facile</strong></span> <span class='ocrx_word' id='word_1_74' title='bbox 700 1437 898 1518; x_wconf 80' lang='lat' dir='ltr'><strong>perspicitur.</strong></span> <span class='ocrx_word' id='word_1_75' title='bbox 932 1471 976 1482; x_wconf 88' lang='lat'>—</span> <span class='ocrx_word' id='word_1_76' title='bbox 1005 1435 1186 1500; x_wconf 84' lang='lat' dir='ltr'><strong>‘candentis’</strong></span> <span class='ocrx_word' id='word_1_77' title='bbox 1217 1453 1274 1516; x_wconf 90' lang='lat' dir='ltr'><strong>pro</strong></span> 
     </span>
     <span class='ocr_line' id='line_1_11' title="bbox 132 1543 1273 1629; baseline -0.005 -15"><span class='ocrx_word' id='word_1_78' title='bbox 132 1549 327 1614; x_wconf 87' lang='lat' dir='ltr'><strong>‘candentes’</strong></span> <span class='ocrx_word' id='word_1_79' title='bbox 352 1547 489 1629; x_wconf 90' lang='lat' dir='ltr'><strong>positum</strong></span> <span class='ocrx_word' id='word_1_80' title='bbox 511 1553 574 1628; x_wconf 84' lang='lat' dir='ltr'><strong>est,</strong></span> <span class='ocrx_word' id='word_1_81' title='bbox 610 1551 646 1611; x_wconf 90' lang='lat' dir='ltr'><strong>ut</strong></span> <span class='ocrx_word' id='word_1_82' title='bbox 675 1547 771 1611; x_wconf 90' lang='lat' dir='ltr'><strong>habes</strong></span> <span class='ocrx_word' id='word_1_83' title='bbox 800 1547 900 1628; x_wconf 90' lang='lat' dir='ltr'><strong>primo</strong></span> <span class='ocrx_word' id='word_1_84' title='bbox 934 1564 1008 1612; x_wconf 89' lang='lat' dir='ltr'><strong>casu</strong></span> <span class='ocrx_word' id='word_1_85' title='bbox 1037 1543 1125 1609; x_wconf 87' lang='lat' dir='ltr'><strong>LXH</strong></span> <span class='ocrx_word' id='word_1_86' title='bbox 1146 1550 1181 1609; x_wconf 90' lang='lat' dir='ltr'><strong>ll</strong></span> <span class='ocrx_word' id='word_1_87' title='bbox 1210 1547 1273 1608; x_wconf 87' lang='lat' dir='ltr'><strong>‘ae-</strong></span> 
     </span>
     <span class='ocr_line' id='line_1_12' title="bbox 139 1654 1320 1739; baseline 0 -19"><span class='ocrx_word' id='word_1_88' title='bbox 139 1658 271 1737; x_wconf 86' lang='lat' dir='ltr'><strong>qualis&#39;‚</strong></span> <span class='ocrx_word' id='word_1_89' title='bbox 297 1657 398 1720; x_wconf 85' lang='lat' dir='ltr'>LXIV</span> <span class='ocrx_word' id='word_1_90' title='bbox 421 1661 483 1720; x_wconf 81' lang='lat'><strong>276</strong></span> <span class='ocrx_word' id='word_1_91' title='bbox 517 1657 707 1738; x_wconf 84' lang='lat' dir='ltr'><strong>‘linquentis’</strong></span> <span class='ocrx_word' id='word_1_92' title='bbox 739 1657 791 1721; x_wconf 94' lang='lat' dir='ltr'><strong>ubi</strong></span> <span class='ocrx_word' id='word_1_93' title='bbox 814 1657 907 1739; x_wconf 91' lang='lat' dir='ltr'><strong>plura</strong></span> <span class='ocrx_word' id='word_1_94' title='bbox 936 1654 1087 1722; x_wconf 90' lang='lat' dir='ltr'><strong>eiusmodi</strong></span> <span class='ocrx_word' id='word_1_95' title='bbox 1111 1656 1142 1719; x_wconf 92' lang='lat' dir='ltr'><strong>ln</strong></span> <span class='ocrx_word' id='word_1_96' title='bbox 1166 1655 1271 1720; x_wconf 90' lang='lat' dir='ltr'><strong>adnot.</strong></span> <span class='ocrx_word' id='word_1_97' title='bbox 1317 1694 1320 1698; x_wconf 93' lang='lat'><em>-</em></span> 
     </span>
     <span class='ocr_line' id='line_1_13' title="bbox 133 1765 1273 1860; baseline -0.001 -29"><span class='ocrx_word' id='word_1_98' title='bbox 133 1767 204 1831; x_wconf 90' lang='lat' dir='ltr'><strong>crit.</strong></span> <span class='ocrx_word' id='word_1_99' title='bbox 220 1766 376 1846; x_wconf 84' lang='lat' dir='ltr'><strong>congessit</strong></span> <span class='ocrx_word' id='word_1_100' title='bbox 391 1765 579 1832; x_wconf 80' lang='lat' dir='ltr'><strong>Schwabius</strong></span> <span class='ocrx_word' id='word_1_101' title='bbox 603 1804 644 1814; x_wconf 91' lang='lat'><strong>-—</strong></span> <span class='ocrx_word' id='word_1_102' title='bbox 666 1785 775 1832; x_wconf 89' lang='lat' dir='ltr'><strong>uersus</strong></span> <span class='ocrx_word' id='word_1_103' title='bbox 793 1771 832 1830; x_wconf 87' lang='grc'><strong>16</strong></span> <span class='ocrx_word' id='word_1_104' title='bbox 857 1768 979 1831; x_wconf 89' lang='lat' dir='ltr'><strong>initium</strong></span> <span class='ocrx_word' id='word_1_105' title='bbox 995 1766 1170 1860; x_wconf 88' lang='lat' dir='ltr'><strong>multorum</strong></span> <span class='ocrx_word' id='word_1_106' title='bbox 1196 1770 1273 1830; x_wconf 92' lang='lat' dir='ltr'><strong>tem-</strong></span> 
     </span>
     <span class='ocr_line' id='line_1_14' title="bbox 132 1875 1271 1959; baseline 0.001 -18"><span class='ocrx_word' id='word_1_107' title='bbox 132 1882 257 1959; x_wconf 87' lang='lat' dir='ltr'><strong>ptatum</strong></span> <span class='ocrx_word' id='word_1_108' title='bbox 276 1885 321 1940; x_wconf 83' lang='lat' dir='ltr'><strong>est</strong></span> <span class='ocrx_word' id='word_1_109' title='bbox 338 1877 533 1956; x_wconf 74' lang='lat' dir='ltr'><strong>coniecturis</strong></span> <span class='ocrx_word' id='word_1_110' title='bbox 551 1894 629 1957; x_wconf 85' lang='lat' dir='ltr'><strong>quas</strong></span> <span class='ocrx_word' id='word_1_111' title='bbox 647 1882 755 1958; x_wconf 82' lang='lat' dir='ltr'><strong>utpote</strong></span> <span class='ocrx_word' id='word_1_112' title='bbox 770 1877 802 1942; x_wconf 91' lang='lat' dir='ltr'><strong>in</strong></span> <span class='ocrx_word' id='word_1_113' title='bbox 817 1881 938 1941; x_wconf 86' lang='lat' dir='ltr'><strong>mutata</strong></span> <span class='ocrx_word' id='word_1_114' title='bbox 954 1875 1148 1940; x_wconf 85' lang='lat' dir='ltr'><strong>fundamenti</strong></span> <span class='ocrx_word' id='word_1_115' title='bbox 1172 1878 1271 1942; x_wconf 90' lang='lat' dir='ltr'><strong>critici</strong></span> 
     </span>
     <span class='ocr_line' id='line_1_15' title="bbox 133 1986 1272 2070; baseline -0.001 -18"><span class='ocrx_word' id='word_1_116' title='bbox 133 1987 316 2052; x_wconf 90' lang='lat' dir='ltr'><strong>condicione</strong></span> <span class='ocrx_word' id='word_1_117' title='bbox 331 1986 456 2052; x_wconf 88' lang='lat' dir='ltr'><strong>silentio</strong></span> <span class='ocrx_word' id='word_1_118' title='bbox 470 2005 633 2068; x_wconf 88' lang='lat' dir='ltr'><strong>possumus</strong></span> <span class='ocrx_word' id='word_1_119' title='bbox 649 1987 824 2069; x_wconf 88' lang='lat' dir='ltr'><strong>praeterire</strong></span> <span class='ocrx_word' id='word_1_120' title='bbox 839 2006 954 2052; x_wconf 89' lang='lat' dir='ltr'><strong>omnes.</strong></span> <span class='ocrx_word' id='word_1_121' title='bbox 999 1986 1152 2070; x_wconf 86' lang='lat' dir='ltr'><strong>praebent</strong></span> <span class='ocrx_word' id='word_1_122' title='bbox 1166 1992 1272 2052; x_wconf 88' lang='lat' dir='ltr'><strong>autem</strong></span> 
     </span>
    </p>
   </div>
   <div class='ocr_carea' id='block_1_4' title="bbox 136 2096 1269 2179">
    <p class='ocr_par' dir='ltr' id='par_1_4' title="bbox 136 2096 1269 2179">
     <span class='ocr_line' id='line_1_16' title="bbox 136 2096 1269 2179; baseline -0.002 -17"><span class='ocrx_word' id='word_1_123' title='bbox 136 2097 167 2161; x_wconf 83' lang='lat' dir='ltr'><strong><em>G</em></strong></span> <span class='ocrx_word' id='word_1_124' title='bbox 192 2097 256 2162; x_wconf 89' lang='lat' dir='ltr'><strong>‘illa</strong></span> <span class='ocrx_word' id='word_1_125' title='bbox 278 2101 374 2178; x_wconf 88' lang='lat' dir='ltr'><strong>atque</strong></span> <span class='ocrx_word' id='word_1_126' title='bbox 397 2096 479 2178; x_wconf 86' lang='lat' dir='ltr'><strong>alia’‚</strong></span> <span class='ocrx_word' id='word_1_127' title='bbox 507 2098 536 2162; x_wconf 92' lang='lat'><strong><em>0</em></strong></span> <span class='ocrx_word' id='word_1_128' title='bbox 559 2097 625 2163; x_wconf 89' lang='lat' dir='ltr'><strong>‘illa</strong></span> <span class='ocrx_word' id='word_1_129' title='bbox 647 2099 729 2162; x_wconf 86' lang='lat' dir='ltr'><strong>alia&#39;.</strong></span> <span class='ocrx_word' id='word_1_130' title='bbox 775 2099 930 2179; x_wconf 92' lang='lat' dir='ltr'><strong>quomodo</strong></span> <span class='ocrx_word' id='word_1_131' title='bbox 952 2117 1008 2163; x_wconf 90' lang='lat' dir='ltr'><strong>nos</strong></span> <span class='ocrx_word' id='word_1_132' title='bbox 1025 2097 1106 2161; x_wconf 88' lang='lat' dir='ltr'><strong>hanc</strong></span> <span class='ocrx_word' id='word_1_133' title='bbox 1127 2096 1269 2162; x_wconf 83' lang='lat' dir='ltr'><strong>lectionis</strong></span> 
     </span>
    </p>
   </div>
   <div class='ocr_carea' id='block_1_5' title="bbox 135 2207 1269 2342">
    <p class='ocr_par' dir='ltr' id='par_1_5' title="bbox 135 2207 1269 2342">
     <span class='ocr_line' id='line_1_17' title="bbox 135 2207 1269 2342; baseline -0.003 -17"><span class='ocrx_word' id='word_1_134' title='bbox 135 2260 354 2325; x_wconf 86' lang='lat' dir='ltr'><strong>diuersitatcm</strong></span> <span class='ocrx_word' id='word_1_135' title='bbox 377 2259 678 2342; x_wconf 77' lang='lat' dir='ltr'><strong>interpretabimur?</strong></span> <span class='ocrx_word' id='word_1_136' title='bbox 708 2259 762 2338; x_wconf 89' lang='lat' dir='ltr'><strong>ita,</strong></span> <span class='ocrx_word' id='word_1_137' title='bbox 784 2264 871 2340; x_wconf 77' lang='lat' dir='ltr'><strong>puto,</strong></span> <span class='ocrx_word' id='word_1_138' title='bbox 895 2264 930 2324; x_wconf 91' lang='lat' dir='ltr'><strong>ut</strong></span> <span class='ocrx_word' id='word_1_139' title='bbox 951 2260 983 2325; x_wconf 90' lang='lat' dir='ltr'><strong>iu</strong></span> <span class='ocrx_word' id='word_1_140' title='bbox 1016 2257 1044 2324; x_wconf 83' lang='lat' dir='ltr'><em>V</em></span> <span class='ocrx_word' id='word_1_141' title='bbox 1065 2207 1269 2339; x_wconf 59' lang='grc' dir='ltr'><strong>ιθῖθθθωὲῖὶθ</strong></span> 
     </span>
    </p>
   </div>
   <div class='ocr_carea' id='block_1_6' title="bbox 133 2368 1273 2986">
    <p class='ocr_par' dir='ltr' id='par_1_6' title="bbox 133 2368 1273 2986">
     <span class='ocr_line' id='line_1_18' title="bbox 133 2368 1265 2451; baseline 0 -17"><span class='ocrx_word' id='word_1_142' title='bbox 133 2370 284 2451; x_wconf 88' lang='lat' dir='ltr'><strong>scriptum</strong></span> <span class='ocrx_word' id='word_1_143' title='bbox 300 2368 397 2434; x_wconf 88' lang='lat' dir='ltr'><strong>luisse</strong></span> <span class='ocrx_word' id='word_1_144' title='bbox 415 2371 564 2436; x_wconf 77' lang='lat' dir='ltr'><strong>dicamus,</strong></span> <span class='ocrx_word' id='word_1_145' title='bbox 611 2388 721 2434; x_wconf 88' lang='lat' dir='ltr'><strong>censeo</strong></span> <span class='ocrx_word' id='word_1_146' title='bbox 744 2376 849 2438; x_wconf 85' lang='lat' dir='ltr'><strong>autem</strong></span> <span class='ocrx_word' id='word_1_147' title='bbox 868 2369 941 2433; x_wconf 85' lang='lat' dir='ltr'><strong>‘illa’</strong></span> <span class='ocrx_word' id='word_1_148' title='bbox 966 2387 1073 2434; x_wconf 91' lang='lat' dir='ltr'><strong>uocem</strong></span> <span class='ocrx_word' id='word_1_149' title='bbox 1093 2369 1170 2433; x_wconf 90' lang='lat' dir='ltr'><strong>nihil</strong></span> <span class='ocrx_word' id='word_1_150' title='bbox 1179 2369 1265 2434; x_wconf 90' lang='lat' dir='ltr'><strong>aliud</strong></span> 
     </span>
     <span class='ocr_line' id='line_1_19' title="bbox 134 2478 1273 2559; baseline 0 -15"><span class='ocrx_word' id='word_1_151' title='bbox 134 2496 318 2559; x_wconf 86' lang='lat' dir='ltr'><strong>essequam</strong></span> <span class='ocrx_word' id='word_1_152' title='bbox 343 2481 567 2544; x_wconf 85' lang='lat' dir='ltr'><strong>correctionem</strong></span> <span class='ocrx_word' id='word_1_153' title='bbox 597 2478 728 2542; x_wconf 89' lang='lat' dir='ltr'><strong>alterius</strong></span> <span class='ocrx_word' id='word_1_154' title='bbox 760 2481 859 2559; x_wconf 81' lang='lat' dir='ltr'><strong>‘alia&#39;3</strong></span> <span class='ocrx_word' id='word_1_155' title='bbox 892 2478 949 2544; x_wconf 90' lang='lat' dir='ltr'><strong>has</strong></span> <span class='ocrx_word' id='word_1_156' title='bbox 974 2481 1055 2545; x_wconf 91' lang='lat' dir='ltr'><strong>euim</strong></span> <span class='ocrx_word' id='word_1_157' title='bbox 1092 2498 1184 2545; x_wconf 86' lang='lat' dir='ltr'><strong>uoces</strong></span> <span class='ocrx_word' id='word_1_158' title='bbox 1205 2499 1273 2545; x_wconf 88' lang='lat' dir='ltr'><strong>sex-</strong></span> 
     </span>
     <span class='ocr_line' id='line_1_20' title="bbox 134 2587 1273 2654; baseline 0.002 -2"><span class='ocrx_word' id='word_1_159' title='bbox 134 2588 251 2652; x_wconf 85' lang='lat' dir='ltr'><strong>centies</strong></span> <span class='ocrx_word' id='word_1_160' title='bbox 273 2587 306 2651; x_wconf 89' lang='lat' dir='ltr'><strong>iu</strong></span> <span class='ocrx_word' id='word_1_161' title='bbox 327 2587 486 2653; x_wconf 87' lang='lat' dir='ltr'><strong>codicibus</strong></span> <span class='ocrx_word' id='word_1_162' title='bbox 510 2587 654 2652; x_wconf 83' lang='lat' dir='ltr'><strong>confusas</strong></span> <span class='ocrx_word' id='word_1_163' title='bbox 677 2606 745 2652; x_wconf 89' lang='lat' dir='ltr'><strong>esse</strong></span> <span class='ocrx_word' id='word_1_164' title='bbox 765 2592 874 2653; x_wconf 88' lang='lat' dir='ltr'><strong>notum</strong></span> <span class='ocrx_word' id='word_1_165' title='bbox 898 2594 954 2652; x_wconf 91' lang='grc' dir='ltr'>θεῖ.</span> <span class='ocrx_word' id='word_1_166' title='bbox 1000 2590 1062 2654; x_wconf 94' lang='lat' dir='ltr'><strong>iam</strong></span> <span class='ocrx_word' id='word_1_167' title='bbox 1079 2590 1143 2654; x_wconf 85' lang='lat' dir='ltr'><strong>tale</strong></span> <span class='ocrx_word' id='word_1_168' title='bbox 1162 2608 1273 2654; x_wconf 89' lang='lat' dir='ltr'><strong>uersus</strong></span> 
     </span>
     <span class='ocr_line' id='line_1_21' title="bbox 137 2697 1272 2780; baseline 0.004 -20"><span class='ocrx_word' id='word_1_169' title='bbox 137 2702 174 2761; x_wconf 83' lang='grc'><strong>16</strong></span> <span class='ocrx_word' id='word_1_170' title='bbox 197 2697 323 2762; x_wconf 84' lang='lat' dir='ltr'><strong>initium</strong></span> <span class='ocrx_word' id='word_1_171' title='bbox 354 2699 459 2778; x_wconf 85' lang='lat' dir='ltr'><strong>‘atque</strong></span> <span class='ocrx_word' id='word_1_172' title='bbox 481 2697 545 2761; x_wconf 90' lang='lat' dir='ltr'><strong>illa’</strong></span> <span class='ocrx_word' id='word_1_173' title='bbox 574 2699 757 2778; x_wconf 88' lang='lat' dir='ltr'><strong>reciperatis</strong></span> <span class='ocrx_word' id='word_1_174' title='bbox 786 2698 876 2762; x_wconf 83' lang='lat' dir='ltr'><strong>uobis</strong></span> <span class='ocrx_word' id='word_1_175' title='bbox 899 2700 939 2764; x_wconf 88' lang='lat' dir='ltr'><strong>ad</strong></span> <span class='ocrx_word' id='word_1_176' title='bbox 970 2697 1190 2780; x_wconf 86' lang='lat' dir='ltr'><strong>perficiendam</strong></span> <span class='ocrx_word' id='word_1_177' title='bbox 1212 2700 1272 2765; x_wconf 92' lang='lat' dir='ltr'><strong>loci</strong></span> 
     </span>
     <span class='ocr_line' id='line_1_22' title="bbox 134 2808 1273 2888; baseline 0.003 -17"><span class='ocrx_word' id='word_1_178' title='bbox 134 2808 381 2872; x_wconf 88' lang='lat' dir='ltr'><strong>emendationem</strong></span> <span class='ocrx_word' id='word_1_179' title='bbox 405 2808 664 2873; x_wconf 89' lang='lat' dir='ltr'><strong>reminiscendum</strong></span> <span class='ocrx_word' id='word_1_180' title='bbox 689 2814 751 2888; x_wconf 88' lang='grc' dir='ltr'>θεῖ,</span> <span class='ocrx_word' id='word_1_181' title='bbox 791 2811 818 2872; x_wconf 84' lang='lat' dir='ltr'><em>V</em></span> <span class='ocrx_word' id='word_1_182' title='bbox 838 2828 899 2874; x_wconf 90' lang='lat' dir='ltr'><strong>non</strong></span> <span class='ocrx_word' id='word_1_183' title='bbox 924 2810 1107 2888; x_wconf 66' lang='lat' dir='ltr'><strong>uiderunt,</strong></span> <span class='ocrx_word' id='word_1_184' title='bbox 1137 2810 1192 2874; x_wconf 91' lang='lat' dir='ltr'><strong>sed</strong></span> <span class='ocrx_word' id='word_1_185' title='bbox 1216 2813 1273 2874; x_wconf 89' lang='lat' dir='ltr'><strong>‘ui-</strong></span> 
     </span>
     <span class='ocr_line' id='line_1_23' title="bbox 134 2917 1270 2986; baseline 0.004 -5"><span class='ocrx_word' id='word_1_186' title='bbox 134 2918 215 2982; x_wconf 88' lang='lat' dir='ltr'><strong>dere’</strong></span> <span class='ocrx_word' id='word_1_187' title='bbox 240 2918 396 2983; x_wconf 88' lang='lat' dir='ltr'><strong>exhibere.</strong></span> <span class='ocrx_word' id='word_1_188' title='bbox 442 2917 514 2983; x_wconf 90' lang='lat' dir='ltr'><strong>hinc</strong></span> <span class='ocrx_word' id='word_1_189' title='bbox 543 2919 720 2982; x_wconf 85' lang='lat' dir='ltr'><strong>necessario</strong></span> <span class='ocrx_word' id='word_1_190' title='bbox 744 2937 780 2983; x_wconf 90' lang='lat' dir='ltr'><strong>eo</strong></span> <span class='ocrx_word' id='word_1_191' title='bbox 811 2919 953 2986; x_wconf 88' lang='lat' dir='ltr'><strong>ducimur</strong></span> <span class='ocrx_word' id='word_1_192' title='bbox 976 2926 1011 2986; x_wconf 86' lang='lat' dir='ltr'><strong>ut</strong></span> <span class='ocrx_word' id='word_1_193' title='bbox 1035 2922 1118 2986; x_wconf 89' lang='lat' dir='ltr'><strong>iuter</strong></span> <span class='ocrx_word' id='word_1_194' title='bbox 1143 2921 1270 2986; x_wconf 87' lang='lat' dir='ltr'><strong>‘uidere’</strong></span> 
     </span>
    </p>
   </div>
   <div class='ocr_carea' id='block_1_7' title="bbox 136 3028 1271 3218">
    <p class='ocr_par' dir='ltr' id='par_1_7' title="bbox 136 3028 1271 3218">
     <span class='ocr_line' id='line_1_24' title="bbox 136 3028 1271 3111; baseline 0.004 -20"><span class='ocrx_word' id='word_1_195' title='bbox 136 3033 165 3092; x_wconf 88' lang='grc' dir='ltr'><strong>θῖ</strong></span> <span class='ocrx_word' id='word_1_196' title='bbox 189 3028 276 3092; x_wconf 85' lang='lat' dir='ltr'><strong>‘luce&#39;</strong></span> <span class='ocrx_word' id='word_1_197' title='bbox 299 3029 442 3093; x_wconf 90' lang='lat' dir='ltr'><strong>uoculam</strong></span> <span class='ocrx_word' id='word_1_198' title='bbox 465 3029 603 3110; x_wconf 90' lang='lat' dir='ltr'><strong>aliquam</strong></span> <span class='ocrx_word' id='word_1_199' title='bbox 626 3029 822 3094; x_wconf 87' lang='lat' dir='ltr'><strong>intercidisse</strong></span> <span class='ocrx_word' id='word_1_200' title='bbox 846 3036 1030 3096; x_wconf 84' lang='lat' dir='ltr'><strong>statuamus.</strong></span> <span class='ocrx_word' id='word_1_201' title='bbox 1076 3032 1178 3111; x_wconf 83' lang='lat' dir='ltr'><strong>dedit,</strong></span> <span class='ocrx_word' id='word_1_202' title='bbox 1211 3032 1271 3096; x_wconf 88' lang='lat' dir='ltr'><strong>nisi</strong></span> 
     </span>
     <span class='ocr_line' id='line_1_25' title="bbox 137 3135 1223 3218; baseline 0.001 -16"><span class='ocrx_word' id='word_1_203' title='bbox 137 3137 237 3218; x_wconf 83' lang='lat' dir='ltr'><strong>fallor,</strong></span> <span class='ocrx_word' id='word_1_204' title='bbox 262 3135 405 3203; x_wconf 82' lang='lat' dir='ltr'><strong>Catullus</strong></span> <span class='ocrx_word' id='word_1_205' title='bbox 1221 3147 1223 3154; x_wconf 88' lang='lat'>&#39;</span> 
     </span>
    </p>
   </div>
   <div class='ocr_carea' id='block_1_8' title="bbox 353 3289 938 3358">
    <p class='ocr_par' dir='ltr' id='par_1_8' title="bbox 353 3289 938 3358">
     <span class='ocr_line' id='line_1_26' title="bbox 353 3289 938 3358; baseline 0.003 -13"><span class='ocrx_word' id='word_1_206' title='bbox 353 3295 435 3358; x_wconf 85' lang='lat' dir='ltr'><strong>atque</strong></span> <span class='ocrx_word' id='word_1_207' title='bbox 453 3289 502 3343; x_wconf 85' lang='lat' dir='ltr'><strong>illa</strong></span> <span class='ocrx_word' id='word_1_208' title='bbox 519 3289 615 3343; x_wconf 90' lang='lat' dir='ltr'><strong>uidere</strong></span> <span class='ocrx_word' id='word_1_209' title='bbox 634 3291 711 3344; x_wconf 82' lang='lat' dir='ltr'><strong>leuto</strong></span> <span class='ocrx_word' id='word_1_210' title='bbox 729 3290 790 3346; x_wconf 89' lang='lat' dir='ltr'><strong>luce</strong></span> <span class='ocrx_word' id='word_1_211' title='bbox 809 3292 938 3347; x_wconf 89' lang='lat' dir='ltr'><strong>marinas.</strong></span> 
     </span>
    </p>
   </div>
   <div class='ocr_carea' id='block_1_9' title="bbox 217 3412 515 3478">
    <p class='ocr_par' dir='ltr' id='par_1_9' title="bbox 217 3412 515 3478">
     <span class='ocr_line' id='line_1_27' title="bbox 217 3412 515 3478; baseline -0.01 -2"><span class='ocrx_word' id='word_1_212' title='bbox 217 3412 293 3478; x_wconf 91' lang='lat' dir='ltr'><strong>ibid.</strong></span> <span class='ocrx_word' id='word_1_213' title='bbox 316 3430 346 3476; x_wconf 89' lang='lat' dir='ltr'><strong>u.</strong></span> <span class='ocrx_word' id='word_1_214' title='bbox 371 3415 515 3475; x_wconf 82' lang='lat'>22-24.</span> 
     </span>
    </p>
   </div>
   <div class='ocr_carea' id='block_1_10' title="bbox 351 3541 1060 3798">
    <p class='ocr_par' dir='ltr' id='par_1_10' title="bbox 351 3541 1060 3798">
     <span class='ocr_line' id='line_1_28' title="bbox 353 3541 969 3612; baseline 0.003 -14"><span class='ocrx_word' id='word_1_215' title='bbox 353 3544 466 3600; x_wconf 89' lang='lat' dir='ltr'><strong>onimis</strong></span> <span class='ocrx_word' id='word_1_216' title='bbox 485 3547 581 3612; x_wconf 90' lang='lat' dir='ltr'><strong>optato</strong></span> <span class='ocrx_word' id='word_1_217' title='bbox 597 3541 751 3599; x_wconf 73' lang='lat' dir='ltr'><strong>‘saeclorum</strong></span> <span class='ocrx_word' id='word_1_218' title='bbox 770 3549 893 3612; x_wconf 89' lang='lat' dir='ltr'><strong>tempore</strong></span> <span class='ocrx_word' id='word_1_219' title='bbox 911 3548 969 3600; x_wconf 90' lang='lat' dir='ltr'><strong>nati</strong></span> 
     </span>
     <span class='ocr_line' id='line_1_29' title="bbox 352 3636 1060 3716; baseline 0.008 -26"><span class='ocrx_word' id='word_1_220' title='bbox 352 3636 461 3716; x_wconf 82' lang='lat' dir='ltr'><strong>heroes,</strong></span> <span class='ocrx_word' id='word_1_221' title='bbox 479 3638 592 3705; x_wconf 86' lang='lat' dir='ltr'><strong>saluete,</strong></span> <span class='ocrx_word' id='word_1_222' title='bbox 611 3638 690 3691; x_wconf 88' lang='lat' dir='ltr'><strong>deum</strong></span> <span class='ocrx_word' id='word_1_223' title='bbox 709 3651 801 3704; x_wconf 76' lang='lat' dir='ltr'><strong>genuus,</strong></span> <span class='ocrx_word' id='word_1_224' title='bbox 820 3653 835 3692; x_wconf 93' lang='lat' dir='ltr'><strong>o</strong></span> <span class='ocrx_word' id='word_1_225' title='bbox 854 3638 926 3694; x_wconf 88' lang='lat' dir='ltr'><strong>bona</strong></span> <span class='ocrx_word' id='word_1_226' title='bbox 943 3645 1060 3696; x_wconf 82' lang='lat' dir='ltr'><strong>matrum</strong></span> 
     </span>
     <span class='ocr_line' id='line_1_30' title="bbox 351 3731 831 3798; baseline 0.002 -15"><span class='ocrx_word' id='word_1_227' title='bbox 351 3731 505 3798; x_wconf 82' lang='lat' dir='ltr'><strong>progenies,</strong></span> <span class='ocrx_word' id='word_1_228' title='bbox 526 3731 631 3785; x_wconf 85' lang='lat' dir='ltr'><strong>saluete</strong></span> <span class='ocrx_word' id='word_1_229' title='bbox 649 3731 755 3783; x_wconf 88' lang='lat' dir='ltr'><strong>iterum.</strong></span> <span class='ocrx_word' id='word_1_230' title='bbox 774 3769 780 3782; x_wconf 93' lang='lat'><em>.</em></span> <span class='ocrx_word' id='word_1_231' title='bbox 798 3771 804 3783; x_wconf 94' lang='lat'><strong>.</strong></span> <span class='ocrx_word' id='word_1_232' title='bbox 825 3770 831 3784; x_wconf 91' lang='lat'>.</span> 
     </span>
    </p>
   </div>
   <div class='ocr_carea' id='block_1_11' title="bbox 137 3874 1270 4068">
    <p class='ocr_par' dir='ltr' id='par_1_11' title="bbox 137 3874 1270 4068">
     <span class='ocr_line' id='line_1_31' title="bbox 137 3874 1270 3957; baseline 0.004 -20"><span class='ocrx_word' id='word_1_233' title='bbox 137 3891 258 3939; x_wconf 90' lang='lat' dir='ltr'><strong>uersum</strong></span> <span class='ocrx_word' id='word_1_234' title='bbox 288 3879 329 3939; x_wconf 84' lang='lat'><strong>24</strong></span> <span class='ocrx_word' id='word_1_235' title='bbox 364 3875 538 3957; x_wconf 86' lang='lat' dir='ltr'><strong>‘progenies</strong></span> <span class='ocrx_word' id='word_1_236' title='bbox 569 3876 690 3940; x_wconf 74' lang='lat' dir='ltr'><strong>salulate</strong></span> <span class='ocrx_word' id='word_1_237' title='bbox 727 3874 851 3940; x_wconf 91' lang='lat' dir='ltr'><strong>iterum’</strong></span> <span class='ocrx_word' id='word_1_238' title='bbox 892 3875 922 3940; x_wconf 91' lang='lat' dir='ltr'><strong>in</strong></span> <span class='ocrx_word' id='word_1_239' title='bbox 951 3874 982 3940; x_wconf 85' lang='lat' dir='ltr'><em>V</em></span> <span class='ocrx_word' id='word_1_240' title='bbox 1007 3877 1127 3941; x_wconf 89' lang='lat' dir='ltr'><strong>librarii</strong></span> <span class='ocrx_word' id='word_1_241' title='bbox 1163 3894 1270 3942; x_wconf 90' lang='lat' dir='ltr'><strong>errore</strong></span> 
     </span>
     <span class='ocr_line' id='line_1_32' title="bbox 137 3984 1269 4068; baseline 0.004 -21"><span class='ocrx_word' id='word_1_242' title='bbox 137 3986 277 4050; x_wconf 91' lang='lat' dir='ltr'><strong>omissum</strong></span> <span class='ocrx_word' id='word_1_243' title='bbox 312 3986 453 4050; x_wconf 88' lang='lat' dir='ltr'><strong>seruauit</strong></span> <span class='ocrx_word' id='word_1_244' title='bbox 485 3985 653 4050; x_wconf 90' lang='lat' dir='ltr'><strong>scholiasta</strong></span> <span class='ocrx_word' id='word_1_245' title='bbox 676 3984 866 4050; x_wconf 84' lang='lat' dir='ltr'><strong>Ueronensis</strong></span> <span class='ocrx_word' id='word_1_246' title='bbox 889 3987 928 4051; x_wconf 93' lang='lat' dir='ltr'><strong>ad</strong></span> <span class='ocrx_word' id='word_1_247' title='bbox 958 3985 1052 4068; x_wconf 86' lang='lat' dir='ltr'><strong>Uerg.</strong></span> <span class='ocrx_word' id='word_1_248' title='bbox 1078 3989 1154 4051; x_wconf 87' lang='lat' dir='ltr'><strong>Aen.</strong></span> <span class='ocrx_word' id='word_1_249' title='bbox 1180 3987 1206 4050; x_wconf 97' lang='lat' dir='ltr'>V</span> <span class='ocrx_word' id='word_1_250' title='bbox 1228 3992 1269 4052; x_wconf 84' lang='lat'><strong>80</strong></span> 
     </span>
    </p>
   </div>
   <div class='ocr_carea' id='block_1_12' title="bbox 137 4079 1270 4261">
    <p class='ocr_par' dir='ltr' id='par_1_12' title="bbox 137 4079 1270 4261">
     <span class='ocr_line' id='line_1_33' title="bbox 137 4079 1270 4181; baseline 0.004 -21"><span class='ocrx_word' id='word_1_251' title='bbox 137 4093 175 4178; x_wconf 88' lang='lat' dir='ltr'><strong>[p.</strong></span> <span class='ocrx_word' id='word_1_252' title='bbox 199 4099 250 4177; x_wconf 82' lang='lat'><strong>94,</strong></span> <span class='ocrx_word' id='word_1_253' title='bbox 275 4101 311 4161; x_wconf 94' lang='lat'><strong>11</strong></span> <span class='ocrx_word' id='word_1_254' title='bbox 338 4096 385 4162; x_wconf 91' lang='lat' dir='ltr'><strong>ed.</strong></span> <span class='ocrx_word' id='word_1_255' title='bbox 401 4096 496 4179; x_wconf 87' lang='lat' dir='ltr'><strong>Kell],</strong></span> <span class='ocrx_word' id='word_1_256' title='bbox 518 4101 553 4160; x_wconf 90' lang='lat' dir='ltr'><strong>ut</strong></span> <span class='ocrx_word' id='word_1_257' title='bbox 574 4101 678 4161; x_wconf 88' lang='lat' dir='ltr'><strong>tamen</strong></span> <span class='ocrx_word' id='word_1_258' title='bbox 705 4097 816 4162; x_wconf 88' lang='lat' dir='ltr'><strong>ultima</strong></span> <span class='ocrx_word' id='word_1_259' title='bbox 839 4115 949 4162; x_wconf 88' lang='lat' dir='ltr'><strong>uersus</strong></span> <span class='ocrx_word' id='word_1_260' title='bbox 969 4116 1043 4181; x_wconf 88' lang='lat' dir='ltr'><strong>pars</strong></span> <span class='ocrx_word' id='word_1_261' title='bbox 1065 4117 1147 4165; x_wconf 90' lang='lat' dir='ltr'><strong>nunc</strong></span> <span class='ocrx_word' id='word_1_262' title='bbox 1169 4079 1270 4181; x_wconf 88' lang='lat' dir='ltr'><strong>peric·</strong></span> 
     </span>
     <span class='ocr_line' id='line_1_34' title="bbox 1002 4209 1020 4261; baseline 0 0"><span class='ocrx_word' id='word_1_263' title='bbox 1002 4209 1020 4261; x_wconf 84' lang='lat'>4</span> 
     </span>
    </p>
   </div>
   <div class='ocr_carea' id='block_1_13' title="bbox 0 0 1580 4922">
    <p class='ocr_par' dir='ltr' id='par_1_13' title="bbox 0 0 1580 4922">
     <span class='ocr_line' id='line_1_35' title="bbox 0 0 1580 4922; baseline 0 0"><span class='ocrx_word' id='word_1_264' title='bbox 0 0 1580 4922; x_wconf 95' lang='lat' dir='ltr'><strong> </strong></span> 
     </span>
    </p>
   </div>
  </div>
 </body>
</html>
