3142 4922
743 464 780 526 ll

196 633 343 700 iuuenem
374 633 461 699 urbis
488 631 631 698 luxuriae
652 628 931 715 uoluptatibusque
953 634 1113 698 assuetum
1135 631 1219 697 ullae
1241 631 1331 696 iuua-

197 749 269 809 rcnt
291 741 448 809 deliciae?
471 742 559 808 cuius
582 741 726 823 equidem
750 740 871 808 consilii
892 759 952 808 uon
976 741 1069 807 aliam
1092 741 1185 806 uideo
1208 759 1333 808 causam

197 854 258 920 nisi
280 852 361 919 hauc
391 858 427 918 ut
456 852 574 918 amicus
597 853 696 918 amieo
722 869 816 933 quum
838 853 1000 920 celerrime
1028 853 1159 918 Romam
1180 851 1333 917 redeundi
1373 918 1383 943 ⁸

198 967 307 1030 unctor
330 965 495 1043 existeret,
526 979 596 1028 cum
619 961 752 1052 Lesbiae
774 963 911 1030 animum
936 963 976 1028 ad
999 963 1078 1029 alios
1100 980 1221 1029 amores
1244 961 1333 1026 incli-

198 1090 275 1140 nare
298 1072 429 1140 uideret.
475 1069 555 1138 tales
582 1071 783 1139 bortatusasi
807 1073 919 1142 Manlii
942 1072 1096 1156 epistulae
1117 1071 1247 1138 infuisse
1269 1076 1334 1138 stu-

198 1185 271 1264 tuis,
294 1184 356 1250 iam
371 1185 482 1251 melius
497 1182 692 1264 intellegitur
708 1181 826 1250 Catulli
839 1201 1032 1268 responsum.
1056 1219 1095 1230 -
1116 1183 1224 1264 itaque
1237 1182 1333 1250 trium

198 1295 370 1364 carminum
386 1293 532 1360 Ueronae
546 1294 733 1376 scriptorum
755 1293 848 1374 LXV,
867 1293 1017 1360 LXVIII·
1039 1297 1072 1359 et
1086 1291 1233 1358 nxvlln
1252 1291 1335 1358 *haec

199 1409 248 1471 est
270 1405 386 1470 series:
418 1403 451 1468 id
473 1403 557 1484 quod
579 1403 716 1472 medium
740 1405 862 1487 optinet
885 1404 987 1471 locum
1009 1406 1076 1470 tum
1099 1421 1167 1469 eum
1191 1401 1334 1472 Catullus

168 1553 175 1557 -
199 1514 301 1582 dolori
313 1505 499 1579 saeuissime
514 1517 577 1578 tam
596 1503 661 1579 cari
676 1514 788 1596 capitis
801 1516 941 1600 adempti
957 1515 1051 1598 plane
1066 1513 1253 1596 indulgeret,
1269 1514 1335 1596 pri·

186 1641 286 1690 *mum
309 1627 414 1690 autem
436 1628 503 1688 tum
526 1641 595 1689 cum
624 1627 657 1690 et
677 1629 819 1708 tempore
840 1631 872 1694 et
893 1627 997 1710 poesis
1019 1625 1058 1710 [c.
1079 1623 1192 1708 LXVI]
1216 1624 1334 1690 exerci-

199 1735 320 1799 tatione
343 1733 432 1802 dolor
450 1733 503 1799 ille
524 1734 652 1816 paulum
673 1742 831 1818 posuerat,
856 1737 1000 1803 ultimum
1018 1736 1153 1817 denique
1175 1740 1241 1800 tum
1265 1752 1334 1801 curn

145 1913 147 1916 .
201 1843 365 1910 consilium
389 1844 518 1910 Romam
542 1845 695 1910 redeundi
717 1849 813 1928 poeta
835 1847 972 1928 agitaret
993 1847 1198 1927 compositum
1221 1850 1278 1910 est.

247 1995 250 1999 ·
286 1953 350 2024 Sed
380 1955 457 2020 istos
488 1953 528 2019 de
556 1954 668 2021 Lesbia
691 1973 848 2037 rumores,
877 1973 955 2038 quos
978 1956 1124 2024 Ueronae
1149 1959 1334 2038 aspernatus

199 2069 285 2145 erat,
316 2082 408 2132 ueros
438 2081 506 2130 esse
528 2063 658 2130 Romam
688 2081 834 2132 reuersus
865 2065 1007 2134 Catullus
1036 2084 1098 2133 uon
1127 2067 1195 2133 sine
1221 2065 1334 2134 acerbo

199 2175 307 2242 dolore
332 2174 470 2256 agnouit.
494 2192 564 2242 cum
587 2175 668 2241 enim
689 2176 826 2259 puellum
848 2181 884 2244 ut
905 2195 992 2242 more
1015 2176 1108 2244 solito
1130 2176 1335 2243 conuenirent

199 2291 358 2368 rogasset,
391 2284 446 2350 illu
473 2287 640 2352 recusauit.
685 2291 752 2353 tum
776 2291 970 2370 ucropoeta
994 2288 1162 2370 inantque
1187 2286 1332 2369 indigna·

198 2398 285 2464 tione
307 2401 470 2479 correptus
493 2413 617 2463 carmen
640 2395 716 2462 VIII
738 2396 779 2464 ad
802 2414 870 2463 eam
893 2397 997 2463 misit:

302 2593 385 2649 miser
403 2593 519 2664 Catulle,
537 2594 645 2649 desinas
663 2593 782 2663 ineptire

304 2691 332 2742 et
350 2686 424 2756 quod
442 2686 520 2742 uides
538 2687 642 2757 perisse
660 2687 797 2755 perditum
815 2687 907 2742 ducas.

305 2779 405 2836 fulsere
426 2781 562 2849 quondum
580 2779 689 2834 candidi
704 2779 756 2834 tibi
776 2779 858 2847 soles,

305 2889 364 2929 cum
381 2873 537 2928 uentitabas
555 2888 609 2941 quo
627 2872 720 2943 puella
740 2871 849 2928 dicebat

302 2973 393 3024 amata
409 2965 489 3021 uobis
508 2973 638 3034 quantum
657 2965 794 3022 amabitur
809 2965 894 3023 nulla

299 3060 343 3115 'ibi
359 3059 409 3115 illu
425 3059 511 3116 multa
527 3066 584 3115 tum
600 3059 695 3116 iocosa
712 3057 825 3129 fiebant,

303 3169 374 3223 quae
391 3158 422 3208 tu
439 3151 553 3210 uolebas
571 3166 622 3206 nec
639 3152 732 3220 puella
749 3153 875 3210 nolebat:

301 3246 405 3302 fulsere
421 3260 487 3302 nere
506 3243 615 3301 candidi
632 3244 683 3300 tibi
700 3244 781 3301 soles.

302 3354 374 3394 nunc
392 3339 447 3394 iam
464 3339 513 3394 illa
529 3353 585 3394 non
604 3339 678 3394 uult:
696 3343 727 3394 tu
744 3353 862 3410 qnoque,
879 3339 1018 3409 inpotens,
1036 3339 1093 3395 noli

304 3449 355 3488 nec
374 3447 444 3501 quae
461 3431 533 3502 fugit
550 3438 655 3488 sectare
673 3446 724 3487 nec
742 3432 826 3488 miser
842 3433 915 3502 uiue,
1097 3443 1098 3446 ’

303 3526 352 3582 sed
372 3525 509 3582 obstinata
526 3533 616 3582 moute
633 3525 735 3595 perfer,
753 3527 866 3584 obdura.

305 3619 376 3689 aule,
393 3618 499 3688 puella3
515 3618 570 3674 iam
588 3617 710 3676 Catullus
728 3619 847 3677 obdurat

302 3727 354 3770 uec
370 3720 398 3770 te
412 3712 536 3783 requiret
552 3725 604 3766 nee
621 3713 731 3781 rogabit
747 3714 875 3774 muitum:

303 3817 332 3865 at
348 3813 379 3863 tu
398 3806 514 3876 dolebis,
532 3819 592 3861 cum
610 3805 751 3875 rogaberis
769 3806 852 3862 nullu.

303 3901 427 3970 scelesta,
445 3914 498 3962 uae
515 3902 556 3955 te!
575 3915 646 3970 quae
664 3899 716 3955 tibi
734 3904 828 3956 manet
844 3899 919 3956 uitul

303 3998 363 4064 quis
382 4010 455 4050 nunc
472 3999 500 4048 te
519 3993 624 4048 adibit?
640 3992 684 4048 cui
702 3993 839 4050 uideberis
858 3992 952 4050 bella?

304 4105 384 4158 quoru
401 4103 474 4143 nunc
493 4087 618 4143 amabis?
639 4087 714 4143 cuius
735 4100 797 4143 esse
815 4085 937 4144 diceris?

304 4198 384 4251 quem
401 4179 553 4238 basiabis?
573 4180 617 4236 cui
633 4180 735 4236 labella
751 4181 913 4238 mordebis?

306 4281 336 4332 ut
353 4275 525 4348 cudamus,
547 4274 699 4336 destinatus
717 4273 838 4340 obdurat
